2926 4978
610 227 648 289 ol

7 405 104 489 ripen
128 394 162 460 C.
198 399 306 461 autem
338 396 415 460 libri
449 396 597 461 nonnulli
631 397 807 463 exhibeant
842 401 1021 481 »incolae«,
1052 408 1210 489 gravioris
1270 457 1277 474 .

4 501 270 585 rSanornuptelae
293 501 509 584 suspicionem
531 523 659 566 movere
676 506 811 588 possunt
832 507 866 568 et
885 504 1020 572 fortasse
1036 512 1210 574 secundum

4 601 260 687 rrerSeptimium
1256 605 1259 612 '

199 688 203 704 ⁸
238 707 308 772 118
334 707 408 791 »qui
431 708 594 772 mercandi
616 709 723 792 gratia
745 732 803 793 per
826 732 953 778 omnem
966 713 1208 799 Hellespontum

241 813 438 876 commutare
481 832 533 876 res
570 834 643 876 cum
676 814 794 878 accolis
827 817 909 879 sueti
941 818 1026 881 ultro
1063 820 1209 902 citroque

239 915 462 1000 vagabantur«
1138 996 1145 1006 ι

4 1075 25 1114 3,
53 1021 113 1083 ita
136 1018 258 1084 edenda
279 1021 394 1098 erunt,
426 1021 464 1083 ut
485 1018 646 1084 scribatur
670 1019 748 1088 »ubi
770 1043 843 1086 cnm
866 1024 978 1088 incolis
1001 1047 1051 1089 res
1074 1030 1209 1092 mercari

4 1159 37 1220 p,
53 1117 298 1186 consueverant
312 1121 418 1186 Italici
433 1123 561 1204 generis
583 1124 676 1187 multi
700 1125 886 1212 mortales»)
900 1128 1029 1194 silentio
1046 1135 1208 1214 praetere·

5 1285 29 1316 Γ,
55 1247 166 1305 amus,
191 1228 275 1290 certe
298 1247 381 1309 quae
403 1228 581 1308 sequuntur
603 1226 685 1290 »huc
697 1228 809 1291 consul
819 1235 880 1294 cet.
901 1231 1011 1297 multis
1033 1232 1208 1298 dubitatio·

54 1331 162 1394 nibus
185 1330 324 1394 obnoxia
345 1333 428 1393 sunt.
473 1329 523 1392 Ac
545 1330 685 1414 primum
708 1333 836 1414 quidem
858 1335 896 1398 de
921 1335 1086 1400 codicibus
1109 1360 1206 1421 quae·

52 1436 211 1500 rentibus
248 1433 407 1498 dordanus
441 1434 476 1497 in
509 1433 557 1497 Po
595 1438 628 1498 et
661 1434 694 1498 O.
738 1438 937 1520 »temptandi
969 1410 1088 1522 gratia⁶
1113 1444 1146 1505 et
1178 1443 1205 1506 si

4 1519 8 1536 Δ
54 1541 254 1623 paterentur
276 1538 512 1622 oportunitates
542 1538 623 1602 loci«
655 1540 811 1623 scriptum
839 1560 906 1605 esse
935 1545 1048 1608 auctor
1075 1545 1139 1620 est;
1172 1545 1205 1608 in

53 1644 134 1708 P0¹
157 1647 265 1707 autem
286 1666 306 1706 a
328 1642 432 1727 prima
444 1665 543 1706 manu
557 1643 733 1726 genitivum
748 1644 921 1728 singularis
934 1647 1202 1730 »oportunitatis«

8 1729 19 1746 χ’
56 1749 254 1812 restitutum
290 1770 356 1811 esse
379 1746 523 1812 Wiraius
556 1749 713 1818 testatur:
749 1748 924 1813 deteriores
957 1750 1096 1833 denique
1129 1753 1205 1816 libri

54 1855 139 1916 ante
164 1852 438 1936 »oportunitates«
469 1852 742 1935 praepositionem
773 1852 836 1916 »ob
858 1854 915 1916 aut
939 1857 1110 1938 »propter«
1135 1877 1206 1920 ver·
1327 1919 1330 1924 i

7 1953 9 1957 ’
59 1959 180 2021 borum
202 1957 368 2021 contextui
383 1957 537 2020 inserunt.
582 1955 657 2020 Jam
673 1957 929 2040 »oportunitas«,
952 1959 1104 2040 qnoniam
1120 1962 1204 2045 apud

4 2057 9 2062 ¹
55 2061 254 2126 Sallustium
283 2060 401 2123 bonam
434 2060 595 2144 quandam
626 2060 881 2142 oportunitatem
916 2061 1082 2144 exprimit,
1113 2063 1204 2126 nulle

53 2167 188 2229 ratione
211 2186 283 2228 cum
296 2165 394 2228 verbo
408 2165 635 2248 »paterentur«
660 2165 816 2246 conjungi
835 2165 950 2247 potest,
974 2184 1046 2227 cum
1058 2168 1204 2249 quemvis

4 2339 7 2346 7
52 2273 168 2334 locum
191 2270 386 2352 oportunum
410 2268 605 2352 praesidium
629 2268 698 2352 pati
720 2267 805 2332 inter
816 2291 928 2333 omnes
940 2271 1073 2334 constet.
1109 2270 1202 2336 Unde

52 2373 161 2436 verba
196 2373 243 2435 »si
277 2374 484 2455 paterentur«
525 2371 565 2434 ad
596 2371 758 2454 Vagenses
787 2372 951 2455 pertinere
985 2375 1018 2435 ct
1053 2373 1093 2436 iis
1116 2393 1203 2457 -quae

54 2474 258 2539 antecedunt
300 2473 502 2556 »temptandi
545 2475 671 2558 gratia«
716 2474 942 2556 subjungenda
982 2495 1049 2538 esse
1089 2476 1202 2541 elucet.

9 2580 11 2582 ’
53 2579 250 2643 Rectissime
282 2579 368 2641 enim
398 2577 585 2642 Dietschius
614 2601 645 2661 p.
671 2579 728 2640 21:
764 2579 988 2661 »oportunitas
1018 2579 1081 2660 loci
1108 2601 1203 2644 causa

4 2669 5 2674 ἵ
52 2685 138 2762 fuit,
167 2688 206 2746 ut
226 2682 375 2748 Metellus
396 2683 562 2766 Vagenses
584 2684 788 2766 potissimum
811 2684 1005 2766 temptaret,
1040 2706 1109 2748 eam
1133 2687 1203 2749 tum

53 2788 227 2852 accessisse
250 2789 277 2850 si
292 2787 340 2850 illi
352 2789 539 2871 paterentur
561 2807 747 2870 pervorsum
767 2788 848 2864 est«,
872 2787 924 2850 oui
939 2789 1006 2850 viro
1020 2787 1058 2850 dc
1071 2786 1203 2852 Sallusti

53 2891 191 2974 scriptis
214 2891 335 2974 optimc
358 2890 474 2954 merito
498 2890 639 2953 additam
663 2893 737 2974 post
761 2889 962 2974 »temptandi
984 2891 1109 2973 gratia«
1128 2913 1201 2975 par-

52 2994 191 3059 ticulam
227 2996 298 3057 »et«
331 3015 371 3057 ex
399 2993 586 3076 ignorantia
608 2993 834 3071 librariorum,
865 2993 983 3076 quibus
1004 3015 1080 3058 usus
1101 2995 1202 3077 parti·

52 3099 148 3163 culae
173 3098 240 3161 »si«
266 3099 339 3181 post
361 3097 460 3161 verba
483 3097 671 3181 experiundi
694 3099 822 3179 ignotus
845 3094 972 3176 fuisset,
1005 3099 1111 3160 ortam
1133 3119 1200 3162 esse

52 3201 215 3265 statuenti
236 3200 377 3266 libenter
398 3201 567 3265 assentior.
613 3199 697 3264 Nam
721 3200 846 3263 etiamsi
867 3200 902 3262 in
924 3201 1053 3283 scriptis
1067 3198 1199 3264 Sallusti

51 3326 139 3388 quae
168 3303 262 3368 nobis
293 3305 481 3369 manserunt
510 3305 636 3368 nullum
659 3305 765 3368 exstat
787 3303 987 3386 exemplum,
1020 3304 1199 3368 imitatores

50 3414 167 3473 tamen
200 3430 291 3472 usum
325 3430 398 3472 eum
433 3408 519 3472 haud
552 3410 660 3492 paucis
692 3407 886 3472 confirmant
916 3407 1109 3471 testimoniis
1140 3407 1196 3471 cfr.

51 3514 97 3577 D.
121 3511 171 3576 Or.
193 3512 242 3578 IV
266 3514 286 3577 9
315 3513 506 3577 lacessentes
529 3513 556 3576 si
579 3513 735 3577 auderent
757 3513 796 3576 ad
821 3511 1006 3576 bellandum
1029 3509 1196 3595 Trojanos.

50 3615 103 3680 IV
117 3617 157 3680 10
179 3618 363 3701 operientes
385 3618 412 3680 si
428 3618 634 3700 egrederetur
648 3615 820 3680 Achillem.
859 3614 906 3680 IV
919 3615 958 3678 19
977 3613 1197 3679 Alexandrum

50 3720 183 3783 lacessit
215 3721 242 3784 si
271 3721 402 3784 auderet
432 3723 602 3804 sagittario
633 3721 825 3799 certamine,
853 3718 884 3783 V
910 3721 925 3780 l
962 3719 1112 3782 omnibus
1141 3740 1195 3782 ex·

4 3869 6 3904 ,
50 3825 258 3906 pectantibus
282 3825 403 3899 audire,
426 3825 452 3888 si
476 3827 548 3909 quis
572 3826 685 3889 modus
708 3824 810 3888 tantis
819 3823 919 3912 ⁴malis
937 3823 1038 3888 fieret.
1077 3820 1195 3888 S.Sev.

50 3928 86 3992 C.
99 3927 116 3992 I
130 3929 182 4008 54,
197 3929 216 3991 2
240 3929 389 4006 consulit,
411 3931 439 3993 si
461 3931 538 4013 quid
562 3932 632 4013 spei
643 3929 779 3993 forsitan
792 3929 980 4011 superesset.
1016 3926 1049 3990 O.
1061 3925 1094 3990 Il
1106 3928 1159 4004 45,
1176 3930 1195 3990 3

50 4032 224 4118 opperiens
245 4033 449 4116 imperatoris
470 4035 681 4112 voluntatem,
705 4035 732 4098 si
754 4033 892 4097 forsitan
917 4077 924 4092 .
950 4079 957 4092 .
982 4081 989 4094 .
1014 4031 1194 4114 juberetur.

53 4137 171 4220 Itaque
188 4136 321 4201 verbum
347 4141 577 4222 »paterentur«
604 4159 671 4200 non
694 4137 732 4202 ad
757 4134 1053 4222 »oportunitates«;
1077 4134 1131 4198 sed
1154 4135 1195 4200 ad

50 4238 214 4324 Vagenses
245 4242 408 4324 pertinere
440 4248 473 4305 et
502 4263 574 4306 curn
597 4241 702 4306 verbis
737 4238 937 4324 »temptandi
968 4237 1092 4322 gratia«
1117 4259 1194 4303 con·

46 4344 249 4428 jungendum
273 4366 341 4409 esse
364 4367 403 4410 ex
425 4346 642 4411 imitatoribus
664 4344 867 4411 Sallustianis
890 4343 966 4407 satis
990 4341 1103 4406 elucet.
