2926 4978
810 207 854 274 42

115 369 117 375 ’
258 381 401 457 societat
428 379 540 467 philol.
563 377 649 466 Lips.
676 380 794 447 tom.I
822 378 897 446 fasc.
920 379 954 446 II
983 403 1014 468 p.
1041 381 1100 448 185
1111 379 1231 462 -241,
1264 381 1316 448 bic
1359 382 1400 448 in

256 485 480 554 dissertatione
501 487 686 573 inaugurali
706 485 842 552 Halensi
866 486 962 575 1872)
986 509 1024 554 ex
1037 487 1264 554 *imitatoribus
1290 485 1405 553 Sallu-

259 593 373 660 stianis
394 593 574 659 discernere
597 591 795 659 conabimur.

346 699 456 765 Primo
479 699 608 783 quidem
620 720 715 784 quam
727 699 896 764 tractaturi
909 719 1018 764 sumus
1029 700 1110 780 loco,
1134 719 1173 764 ex
1188 697 1401 764 historiarum

260 805 353 872 libris
374 804 554 890 desumpto,
576 805 632 889 qui
662 804 747 890 quod
768 805 803 870 in
825 804 872 870 Po
895 804 1011 870 desunt
1033 803 1125 872 valde
1147 803 1320 872 dolendum
1343 805 1404 886 est,

259 933 327 978 non
348 911 381 977 id
403 910 512 998 agitur
533 911 571 974 ut
592 910 671 974 vitia
689 910 889 997 virtutesque
903 909 947 976 Vi
969 912 1001 976 et
1016 907 1053 976 Pi
1078 910 1322 996 perpendamus,
1347 911 1404 976 sed

259 1019 298 1082 ut
327 1016 504 1082 imitatores
534 1013 745 1080 Sallustianos
766 1014 809 1080 Vi
838 1014 1053 1099 patrocinium
1081 1014 1240 1100 suscipere
1270 1014 1307 1080 iu
1337 1013 1402 1081 hac

256 1121 325 1208 jam
347 1119 576 1208 disputationis
597 1121 726 1186 nostrae
751 1121 843 1205 parte
865 1119 1129 1185 demonstremus.

690 1341 776 1409 Hist.
800 1343 891 1425 148,
917 1343 965 1408 11.

347 1510 520 1596 Philippus
550 1510 651 1578 animi
680 1511 883 1577 affectionem
912 1510 1027 1597 Lepidi
1059 1508 1232 1578 describit:
1272 1511 1403 1596 »agitur

260 1615 345 1682 enim
368 1637 406 1681 ac
427 1616 586 1682 laceratur
607 1617 708 1681 animi
730 1617 880 1702 cupidine
904 1619 936 1680 et
965 1637 1122 1682 noxarum
1151 1617 1257 1696 metu,
1287 1636 1403 1700 expers

259 1721 385 1807 consili,
406 1722 541 1808 inquies,
564 1722 644 1788 haec
666 1725 763 1806 atque
785 1722 843 1786 illa
863 1724 1037 1807 temptans,
1059 1720 1175 1786 metuit
1198 1720 1310 1799 otium,
1332 1719 1403 1786 odit

259 1825 390 1904 bellum,
413 1828 491 1892 luxu
513 1831 611 1912 atque
633 1828 766 1894 licentia
787 1828 960 1893 carendum
982 1826 1070 1893 videt
1092 1827 1245 1912 -atque
1267 1827 1402 1894 interim

259 1932 406 1997 abutitur
427 1934 536 1997 vostra
557 1933 735 1999 socordia«

346 2033 543 2102 Weinholdo
573 2035 644 2124 (cfr.
668 2059 700 2122 p.
723 2037 799 2119 220)
829 2035 1002 2101 lectionem
1023 2033 1067 2102 Vi
1102 2034 1251 2120 »agitur«
1283 2035 1402 2098 contra

258 2142 450 2227 scripturam
473 2141 643 2226 ›angitur‹
667 2162 790 2208 summo
814 2140 921 2206 studio
942 2139 1128 2206 defendenti
1150 2160 1222 2205 cum
1237 2159 1275 2205 co
1291 2161 1402 2204 assan-

258 2233 376 2324 timu,
407 2243 493 2329 quod
524 2244 618 2309 nobis
649 2265 777 2333 quoque
802 2245 949 2329 ›agitur‹
973 2245 1105 2330 gravius
1128 2244 1250 2309 dietum
1271 2244 1401 2309 videtur

259 2371 356 2436 quam
391 2350 583 2434 »angitur«,
624 2349 696 2412 tum
728 2348 917 2434 premique,
961 2349 1047 2434 quod
1081 2347 1257 2436 Septimius
1292 2347 1401 2414 locum

258 2454 403 2521 imitatus
843 2517 846 2522 ,
1056 2535 1058 2540 Α

408 2557 458 2625 III
481 2559 501 2623 3
525 2557 593 2624 »ira
614 2555 759 2623 concitus
781 2557 939 2622 exclamat
955 2594 995 2604 —
1012 2556 1085 2622 dein
1102 2556 1201 2622 animi
1220 2555 1401 2641 jactatione

430 2663 556 2729 saucius
585 2663 648 2728 huc
680 2665 778 2748 atque
807 2662 886 2726 illue
915 2661 1070 2728 oberrans
1091 2659 1254 2726 interdum
1275 2661 1399 2741 tamen,

431 2769 590 2853 quatenus
633 2767 794 2854 praesenti
833 2766 965 2854 negotio
1004 2766 1160 2831 utendum
1197 2767 1281 2830 esset
1322 2786 1401 2831 con·

430 2874 569 2938 sultare«

257 2975 337 3043 illud
367 2978 515 3063 »agitur«
546 2998 605 3062 per
630 2976 827 3060 jactatione«
859 2976 893 3040 et
913 2974 1048 3040 verbnm
1079 2975 1239 3040 laceratur
1261 2997 1319 3061 per
1343 2977 1401 3042 ad-

256 3082 409 3168 jectivum
434 3083 598 3148 »saueius«
615 3081 775 3167 exprimit.
821 3079 970 3146 (laterum
980 3080 1064 3146 idem
1076 3079 1131 3145 ille
1143 3080 1241 3146 verbo
1260 3101 1399 3167 »agere«

197 3169 220 3188 ”
257 3188 355 3253 simili
385 3209 481 3254 sensu
511 3189 558 3253 ita
577 3189 615 3252 ut
643 3187 728 3252 idem
751 3185 819 3251 fere
841 3185 1002 3270 significet
1023 3188 1120 3270 atque
1144 3187 1322 3252 ›excitare‹
1347 3187 1399 3254 vel

260 3292 492 3379 ›proturbare‹
526 3292 630 3356 utitur
660 3291 677 3356 Ι
707 3291 726 3356 7
759 3291 898 3376 »praeda
931 3293 1028 3374 atque
1057 3289 1193 3354 libidine
1222 3292 1399 3358 transversi

257 3398 458 3482 agebantur«
481 3396 549 3463 121
577 3398 684 3483 amatu
708 3398 805 3479 atque
824 3395 1037 3461 haesitatione
1052 3393 1195 3458 diversus
1207 3395 1396 3481 agebatur«.

257 3499 372 3586 Neque
394 3501 501 3566 minus
523 3501 635 3586 aptum
658 3500 743 3584 quod
766 3499 923 3565 adiciatur
935 3497 1045 3564 Severi
1068 3499 1249 3583 exemplum
1267 3499 1398 3566 videtur

259 3607 321 3674 01
344 3609 374 3687 8,
398 3609 438 3672 2<
464 3609 581 3692 agente
604 3606 725 3671 invidia
747 3606 787 3671 ab
810 3605 925 3671 incolis
948 3605 1111 3691 pellitur«.

344 3713 419 3780 Jam
453 3711 491 3778 de
523 3712 603 3777 locis
634 3711 776 3796 aliquot,
810 3710 865 3795 qui
894 3711 929 3774 in
951 3709 1003 3775 Vo
1033 3710 1067 3774 at
1088 3707 1136 3772 Po
1164 3709 1251 3774 varie
1284 3709 1398 3776 traditi

258 3821 344 3901 sunt,
362 3817 518 3904 judicium
538 3814 721 3882 faciendum
743 3815 814 3881 erit.
858 3813 1000 3890 Quorum
1023 3813 1144 3899 primus
1165 3815 1230 3879 est:

731 4020 799 4087 oar.
824 4021 876 4100 20,
899 4021 929 4086 6.

345 4185 486 4254 Catilina
507 4189 565 4255 ubi
589 4189 768 4275 conjuratis
790 4189 925 4274 aperuit,
948 4207 981 4254 se
1003 4187 1123 4253 virtute
1144 4188 1178 4252 et
1200 4185 1262 4253 fide
1286 4206 1397 4253 eorum

259 4291 378 4359 fretum
411 4294 525 4359 contra
557 4292 811 4361 dominationem
842 4294 1005 4360 certamen
1033 4291 1114 4358 inire
1143 4293 1295 4358 conatum
1317 4313 1396 4377 esso,
1443 4375 1444 4382 ἵ

256 4399 436 4466 orationem
456 4397 645 4466 continuat:
