2926 4978
198 1581 260 1648 Gai
288 1582 419 1650 Sallusti
449 1585 569 1671 Crispi,
600 1587 656 1670 qui
683 1585 903 1652 Romanorum
933 1580 1055 1673 primus
1085 1588 1255 1656 historiam

110 1687 233 1752 artifice
256 1690 331 1754 stilo
348 1693 537 1776 composuit,
561 1693 681 1776 scripta
697 1691 747 1756 vel
762 1692 802 1756 ad
817 1692 990 1757 novissima
1003 1695 1124 1760 madiae
1139 1695 1255 1760 aetatis

109 1794 258 1878 tempora
278 1818 345 1861 non
367 1797 463 1862 modo
485 1797 674 1882 frequenter
695 1797 841 1862 lectitata
863 1800 939 1862 sunt
961 1801 993 1863 ot
1016 1802 1174 1884 excerpta,
1198 1799 1254 1864 sed

110 1899 209 1963 etiam
237 1899 463 1966 illustrissimis
493 1923 600 1966 rerum
629 1901 840 1987 scriptoribus
870 1903 1038 1988 proposita
1059 1904 1192 1970 fuerunt
1213 1903 1254 1969 ad

110 2005 311 2069 imitandum.
365 2005 448 2080 Quid
477 2028 537 2092 ego
567 2007 620 2072 hic
642 2027 886 2072 commemorem
913 2006 1152 2074 Witechindum
1177 2006 1255 2074 Cor·

108 2109 287 2192 bajanam,
321 2112 398 2195 quid
430 2111 688 2176 Hersfeldensem
717 2109 943 2192 Lambertum,
982 2115 1059 2198 quid
1093 2113 1255 2180 Adamum

109 2213 326 2296 Bremenscm,
350 2217 426 2301 quid
440 2217 560 2282 multos
575 2217 666 2295 alios,
689 2216 774 2301 apud
790 2238 870 2300 quos
880 2217 1027 2284 lectionis
1041 2217 1254 2284 Sallustianae

109 2319 245 2404 vestigia
267 2323 483 2405 reperiuntur,
507 2343 607 2386 unum
630 2321 726 2386 liceat
747 2321 830 2386 mihi
857 2321 918 2386 hoc
940 2323 1011 2388 loco
1027 2324 1136 2408 paullo
1153 2324 1255 2409 pluri·

110 2424 170 2488 bus
190 2424 319 2490 laudare
331 2423 484 2492 Ottonem
499 2427 749 2511 Frisingensem,
772 2428 893 2512 quippe
909 2429 965 2512 qui
980 2428 1127 2494 homines
1144 2430 1254 2494 doctos

110 2529 206 2592 etiam
222 2549 258 2594 ea
269 2531 470 2615 tempestate,
495 2554 559 2615 qua
573 2531 701 2595 litterae
713 2529 923 2596 Germanicae
939 2532 1054 2597 florere
1067 2535 1252 2618 coeperunt,

7 2629 9 2652 “
109 2635 143 2698 iu
166 2636 261 2700 rebus
283 2639 514 2722 componendis
538 2637 725 2703 Sallustium
747 2638 893 2702 imitatos
916 2659 982 2703 esse
1004 2642 1152 2704 testetur.

7 2719 10 2748 ᾗ
195 2740 256 2806 Sed
278 2746 316 2805 ut
338 2765 425 2808 nunc
440 2744 570 2809 tandem
586 2743 626 2808 ad
641 2744 743 2827 ipsius
757 2741 891 2807 Sallusti
904 2746 1043 2808 aetatem
1056 2746 1252 2825 accedamus,

105 2847 172 2930 jam
202 2848 352 2931 aequales
373 2871 447 2912 eum
469 2849 508 2912 ad
531 2869 686 2912 summam
712 2848 960 2912 admirationem
984 2850 1034 2912 sui
1057 2851 1253 2914 convertisse

7 3011 8 3038 ,
109 2955 253 3036 apparet.
308 2952 399 3027 Quod
428 2955 475 3018 ita
505 2953 604 3018 fuisse
634 2974 707 3017 cum
737 2952 857 3017 Seneca
890 2956 1003 3018 auctor
1032 2957 1095 3032 est,
1130 2955 1184 3038 qui
1218 2955 1253 3018 in

8 3129 9 3136 ἵ
108 3057 407 3141 epist.118,14L.
452 3057 646 3124 Arruntium
677 3060 811 3142 propter
827 3058 966 3122 nimiam
990 3057 1124 3124 Sallusti
1145 3059 1253 3122 imita-

107 3161 229 3224 tionem
251 3162 393 3244 graviter
415 3163 592 3247 vituperat,
623 3165 692 3226 tum
715 3163 789 3226 inda
812 3161 1002 3245 colligimus,
1026 3164 1110 3246 quod
1134 3162 1254 3230 multos

7 3251 9 3268 ⁵
108 3263 162 3328 illa
185 3263 301 3328 habuit
323 3266 566 3344 obtrectatores,
590 3267 646 3350 qui
669 3288 735 3331 non
758 3267 957 3330 insectantur
980 3267 1044 3330 nisi
1058 3268 1113 3350 qui
1129 3267 1252 3352 insigni

109 3372 216 3456 aliquo
239 3394 334 3458 opere
351 3374 487 3459 gloriam
503 3376 612 3460 adepti
628 3376 712 3440 sunt.
734 3373 909 3450 ,Lenaeum
922 3374 1007 3438 enim
1024 3375 1251 3440 »acerbissima

1300 2295 1323 2336 Ο·

108 3475 295 3543 Sallustium
326 3479 426 3543 satira
455 3480 612 3544 lacerasse
641 3482 674 3544 et
703 3479 770 3543 vita
799 3478 991 3562 scriptisque
1023 3483 1251 3558 monstrosum,

107 3584 272 3666 praeterea
311 3584 489 3668 priscorum
525 3583 720 3668 Catonisque
756 3583 928 3648 verborum
965 3583 1253 3648 ineruditissimum

7 3669 8 3718 3
108 3687 212 3752 furem
239 3689 436 3774 appellasse«
461 3687 609 3774 (Sueten.
633 3690 672 3753 de
694 3688 814 3752 illustr.
837 3708 973 3772 gramm.
1003 3688 1039 3752 15
1062 3687 1111 3752 ed.
1134 3687 1253 3752 Baum·

108 3791 396 3876 garten-Ornatur)
432 3793 606 3878 Titumque
647 3793 777 3858 Livium
817 3790 970 3857 Sallustio
1011 3791 1253 3876 iniquissimum

17 3963 18 3967 ,
107 3896 205 3962 fuisse
227 3899 441 3983 comperimus
463 3899 519 3964 cfr.
534 3898 607 3965 San.
624 3901 767 3965 controv.
782 3895 817 3982 p.
832 3897 894 3962 249
918 3897 965 3961 ed.
979 3895 1072 3960 Burs.
1111 3895 1252 3961 Multum

12 4016 19 4083 ,¹
106 4004 217 4069 tamen
239 4003 397 4082 abfuisse,
430 4007 467 4070 ut
489 4005 664 4070 auctoritas
686 4002 819 4067 Sallusti
841 4000 1091 4084 infringeretur,
1123 4001 1253 4068 Curtius

12 4088 15 4105 '
109 4108 201 4173 noca
222 4109 340 4187 aufus,
371 4132 467 4194 quem
489 4110 592 4174 mura
613 4130 631 4173 a
654 4107 807 4173 salusa>
830 4107 863 4172 et
885 4104 977 4170 aaa
1001 4107 1035 4170 in
1056 4106 1157 4171 raros
1179 4127 1253 4172 suos

108 4213 147 4280 de
168 4215 267 4299 gestis
279 4213 456 4280 Alexandri
468 4213 581 4300 Magni
602 4212 806 4278 transtulisse
828 4232 984 4296 usumque
999 4232 1109 4276 eorum
1125 4211 1251 4278 dicendi

105 4316 267 4384 imitatum
288 4339 356 4384 esse
379 4317 627 4384 Wiedemannus
649 4318 683 4382 in
700 4315 820 4382 Philol.
832 4315 893 4382 vol.
908 4314 1016 4380 XXXI
1030 4339 1061 4400 p.
1075 4315 1250 4383 756-760

20 4485 21 4488 ,
101 4422 280 4490 luculenter
318 4424 559 4491 demonstravit.
621 4420 674 4488 At
715 4421 819 4488 multo
863 4421 1017 4506 majorem
1057 4420 1250 4488 imitationis

16 4545 18 4632 q
99 4525 308 4595 Sallustianae
342 4529 481 4615 ‘gloriam
511 4528 574 4594 sibi
606 4527 808 4614 compararit
845 4523 882 4592 P.
906 4524 1072 4592 Cornelius
1099 4525 1250 4610 Tacitus,

16 4664 24 4705 Ι,
