2926 4978
4 532 9 541 Ι
235 451 292 527 25,
327 452 343 514 1
390 451 486 532 »quia
523 449 592 533 jam
633 450 773 516 ardebat·
810 453 936 518 enimus
977 441 1076 519 ritem
1113 456 1200 520 illius

0 558 4 589 ¹
30 535 48 597 l
237 554 395 620 scribere«

1 659 296 723 ’renominativum
337 657 502 721 ›animus‹
540 657 603 720 nisi
635 656 720 723 hunc
754 681 863 724 cesum
895 661 929 724 in
962 683 1019 726 suo
1053 663 1200 746 exemplo

5 771 12 801 ’
40 759 256 830 TSallustiano
292 761 439 844 legisset,
476 780 542 825 non
576 761 772 844 scripturum
805 761 902 827 fuisse
935 764 1124 828 verisimile·
1141 768 1198 830 est.

14 864 153 938 alQuod
183 865 211 930 si
242 868 328 930 recte
352 865 538 942 statuimus,
570 865 620 929 vel
642 869 755 930 contra
778 866 860 931 Pum
883 871 917 931 et
938 869 1079 952 optimos
1099 869 1201 937 libros

11 969 219 1055 ctscriptura
241 969 388 1032 »enimus
410 968 560 1032 ardebat«
586 988 659 1031 vera
674 967 807 1034 Sallusti
829 993 942 1035 manus
964 972 1112 1036 habenda
1126 975 1199 1052 erit,

4 1059 251 1156 allzpraesercim
280 1093 352 1135 cnm
382 1072 482 1136 codex
503 1070 701 1136 Veronensis
724 1071 847 1153 Severi,
882 1076 938 1159 qui
968 1077 1105 1159 septimo
1131 1078 1200 1161 jam

14 1193 21 1220 <
50 1175 186 1242 saeculo
209 1176 348 1259 scriptus
360 1178 418 1256 est,
442 1175 524 1238 Pum
534 1172 765 1239 Sallustianum
778 1179 937 1243 vetustate
950 1179 1047 1264 longe
1059 1183 1198 1264 superet.

5 1292 30 1330 'li

533 1411 609 1495 Jug.
633 1413 684 1489 32,
710 1413 738 1480 1.

23 1629 25 1636 ·
148 1597 290 1665 Memmii
318 1601 432 1664 contra
462 1599 667 1664 nobilitatem
690 1601 836 1665 oratione
867 1605 1045 1687 perscripta
1065 1603 1200 1670 historia

5 1727 11 1748 ·
56 1703 140 1768 belli
160 1703 346 1788 Jugarthini
370 1703 420 1767 his
442 1704 651 1770 continuatur
673 1703 795 1767 verbis:

236 1805 342 1872 »Haec
387 1809 484 1890 atque
526 1805 589 1870 alia
637 1805 856 1890 hujuscemodi
896 1829 990 1892 saepe
1030 1810 1198 1874 indicendo

233 1909 403 1975 Memmius
425 1910 545 1994 populo
568 1909 746 1994 persuadet,
770 1912 817 1975 uti
840 1910 876 1974 L.
890 1910 1028 1995 (lessius,
1052 1915 1199 1997 quitum

234 2018 364 2099 praetor
400 2016 487 2093 erat,
524 2014 563 2078 ad
593 2012 791 2098 Jugurtham
828 2016 1026 2094 mitteretur,
1062 2041 1199 2103 eumque

233 2118 425 2204 interposita
447 2117 509 2182 fide
532 2118 661 2202 publice
683 2117 819 2182 Romam
841 2118 989 2184 duceret«

57 2221 271 2288 »indicendo«
294 2223 457 2287 invenitur
478 2223 514 2285 in
537 2221 583 2285 Po
606 2224 638 2285 et
662 2221 695 2287 G.
721 2223 897 2307 plerisque;
919 2226 954 2288 in
975 2225 1045 2290 Po¹
1069 2227 1199 2292 »dicun-

8 2377 10 2382 .
54 2327 141 2402 do‹;
168 2326 339 2392 ›dicendo‹
363 2328 396 2390 in
415 2325 450 2391 C.
473 2326 615 2409 reliquie.
659 2325 733 2390 Jam
755 2348 829 2391 curn
845 2328 1041 2412 optimorum
1054 2332 1199 2396 codicum

54 2431 220 2514 scriptura
255 2430 462 2496 »indicendo«
499 2430 701 2494 antecedenti
723 2428 867 2495 Memmii
896 2435 1036 2499 orationi
1066 2437 1198 2500 minima

52 2533 239 2612 conveniet,
269 2555 374 2617 neque
395 2535 504 2597 tamen
527 2553 591 2617 quo
614 2533 709 2596 modo
731 2533 855 2616 syllaba
879 2535 952 2598 »in«
975 2537 1143 2620 irrepserit
1163 2540 1199 2603 in

52 2639 184 2703 textum
208 2641 372 2722 appareat,
394 2638 591 2720 reliquorum
612 2638 756 2701 codicum
770 2638 918 2703 librarios
929 2645 1112 2725 corruptam
1131 2644 1198 2727 jem

56 2741 227 2826 archetypi
250 2741 443 2825 scripturam
465 2743 648 2806 emendasse
669 2743 777 2826 potius
799 2765 895 2826 quem
910 2767 1016 2810 rerem
1029 2749 1200 2813 retinuisse

55 2846 267 2910 arbitramur.
311 2845 354 2910 Et
384 2847 546 2929 quamvis,
582 2846 668 2929 quod
695 2845 858 2910 Jordanus
888 2848 1043 2930 syllabam
1075 2851 1148 2915 »in«
1181 2873 1199 2915 e

55 2950 273 3034 comparativi
298 2951 462 3033 »saepius«
487 2950 576 3014 exitu
598 2953 703 3014 ortam
725 2973 792 3015 esse
805 2953 1060 3038 suspicatusest,
1082 2955 1199 3020 blande

57 3055 156 3119 nobis
187 3055 344 3134 arrideat,
375 3056 485 3118 tamen
514 3058 648 3140 propter
670 3054 878 3139 Septimium,
912 3058 968 3140 qui
1000 3059 1199 3124 orationisa

56 3157 189 3224 Priamo
213 3158 343 3223 habitae
366 3160 516 3223 eventum
539 3159 701 3237 describit,

229 3261 246 3325 I
274 3263 293 3328 6
327 3261 428 3327 »haec
457 3263 553 3346 atque
583 3255 646 3326 alia
678 3261 774 3346 hujus
803 3264 889 3329 modi
911 3265 1055 3330 inserens
1076 3265 1198 3332 differri

233 3367 377 3449 querelas
401 3414 408 3431 .
433 3413 440 3430 .
465 3413 472 3429 .
497 3366 607 3450 jubet«

55 3470 100 3533 ab
122 3471 193 3555 ipso
204 3468 357 3535 Sallustio
381 3469 593 3534 »inserendo«
619 3470 668 3535 vel
692 3470 905 3536 »inserendo«
929 3472 1083 3556 scriptum
1099 3470 1197 3536 fuisse

54 3574 202 3651 dixerim,
219 3595 353 3658 eamque
365 3575 556 3659 scripturam
569 3575 605 3638 in
617 3574 824 3639 ›indicendo‹
838 3578 1024 3660 corruptam
1034 3578 1197 3660 postremo

56 3679 93 3741 in
118 3678 292 3743 ›dicendo‹
318 3679 518 3744 emendatam
534 3700 611 3743 esse.
658 3678 750 3752 Quod
761 3679 885 3757 vitium,
909 3681 936 3744 si
953 3681 1081 3764 quidem
1093 3679 1197 3744 Sallu·
1283 3767 1284 3770 Ἴ

56 3782 158 3846 stium
179 3780 237 3846 hac
261 3804 389 3866 quoqne
411 3783 446 3846 in
468 3805 503 3847 re
519 3783 636 3848 Severo
658 3783 863 3848 obversatum
885 3782 983 3848 fuisse
1005 3785 1087 3848 sumi
1108 3784 1195 3862 licat,

56 3887 183 3948 mature
208 3884 276 3968 jam
299 3887 412 3950 netum
433 3908 501 3952 esse
522 3887 689 3970 colligitur
710 3908 749 3950 ex
773 3885 882 3951 Severi
904 3886 936 3952 (l.
960 3887 976 3952 Ι
998 3889 1050 3966 32,
1072 3890 1092 3953 6
1124 3887 1196 3954 ¹ahis

56 3989 156 4070 atque
186 3988 257 4053 aliis
288 3990 381 4054 istius
411 3990 496 4055 modi
527 3990 647 4055 frustra
668 3990 779 4068 dictis,
808 4012 881 4055 cum
906 3992 1045 4076 populus
1067 3993 1102 4056 in
1123 4015 1195 4058 sen-

56 4092 161 4156 tentia
190 4077 423 4175 perseveraret,
459 4095 564 4160 Deum
594 4095 764 4159 consulit«.
815 4094 963 4161 (letarum
995 4118 1014 4161 a
1042 4095 1194 4162 Sallustio

57 4194 219 4260 ablativus
240 4197 390 4281 gerundii
412 4199 523 4263 multis
546 4201 677 4284 ponitur
699 4199 786 4275 looiS,
810 4199 927 4282 quibus
949 4202 1094 4285 plerique
1117 4202 1194 4267 scri-

1 4341 2 4368 :
56 4301 166 4383 ptores
189 4301 390 4368 nominativo
415 4303 578 4388 participii
600 4303 776 4388 praesentis
798 4304 935 4367 utuntur
958 4303 1146 4384 elacati,
1164 4306 1194 4384 7,

5 4496 6 4505 ἵ
52 4402 129 4488 Jug.
151 4404 203 4483 28,
229 4405 258 4467 7.
303 4405 354 4485 51,
379 4408 408 4471 5.
454 4409 506 4486 61,
529 4409 559 4486 2,
583 4406 624 4472 Η.
646 4406 731 4472 175.
777 4403 865 4482 Quae
888 4407 1097 4493 consuetudo,
1120 4429 1229 4506 cum¹
