2926 4978
660 287 700 349 65

86 472 138 532 ut
165 466 310 531 miserias
334 461 493 528 exereitus
515 479 534 521 a
556 478 589 520 se
612 478 678 521 non
701 457 823 520 alienas
844 475 911 520 ese
922 475 987 518 non
999 455 1105 520 verbis
1117 459 1245 522 tantum

87 572 316 643 demonstret,
350 565 406 631 sed
435 565 505 645 ipsa
527 583 562 625 re
586 562 745 645 praestet,
777 559 933 624 militibus
956 562 1122 645 proposita
1145 563 1247 626 multo

89 678 272 741 rectiorem
301 670 501 755 ingredietur
532 666 617 730 viam
640 664 697 728 ofr.
719 663 801 729 Xon.
826 664 920 748 Ages.
943 663 971 728 V
996 668 1013 727 3
1044 669 1099 726 καὶ
1126 667 1189 750 μὴν
1220 667 1248 730 s’t

94 803 179 844 ποτε
199 779 366 860 μοχθῆσαι
389 773 521 855 στρατιᾷ
536 772 685 852 συμβαίη,
708 767 790 831 ἑνῶν
804 767 913 830 ἐπόνει
925 769 1016 850 παρα
1029 767 1101 842 τούς
1117 769 1245 848 ἄλλους,
1299 767 1302 771 ’

96 883 239 966 νομίζων
261 885 370 944 ποίντα
393 877 579 940 τὰτοιαῦτα
601 874 819 955 πασαμυθίαν
841 873 1010 946 εἶναιτοῖς
1032 875 1246 957 στρατιώταις·

98 991 227 1054 Vitium
256 988 355 1070 igitur
386 984 565 1067 scripturae
595 979 741 1042 codicum
771 980 874 1044 inesse
903 979 1046 1056 videtur,
1083 983 1170 1065 quod
1200 983 1248 1046 f-

101 1097 222 1160 eillime
250 1091 391 1170 tollitur,
419 1088 446 1152 si
470 1085 606 1168 vestigia
628 1084 800 1148 imitatoris
823 1085 924 1147 secuti
947 1105 1006 1167 pro
1031 1087 1246 1166 »consultor«,

101 1221 169 1262 una
191 1198 320 1260 tantum
343 1213 425 1276 quae
447 1189 541 1254 facile
564 1187 709 1252 excidere
733 1190 841 1272 potuit
864 1187 973 1251 littera
995 1189 1118 1266 addita,
1153 1212 1247 1254 ›eon-

104 1289 244 1366 solator«
276 1299 311 1361 in
342 1295 514 1360 verborum
535 1291 805 1357 Sallustianorum
828 1293 1015 1356 contextum
1038 1293 1244 1357 restituimus.

524 1643 529 1654 .
560 1563 636 1646 Jug.
664 1563 735 1638 roo,
759 1562 788 1624 a.

191 1765 300 1830 Volux
321 1763 428 1829 Sullae
459 1763 499 1826 ad
522 1761 687 1827 Bocchum
710 1759 857 1844 profecto
889 1761 1017 1824 obviam
1039 1763 1154 1825 missus
1177 1767 1246 1827 erat

103 1871 276 1954 copiasque
300 1891 371 1932 oum
393 1891 430 1932 eo
451 1868 615 1952 junxerat.
662 1864 761 1928 »Post
791 1865 847 1928 ubi
875 1868 979 1928 eastra
1002 1865 1108 1930 locata
1131 1871 1164 1931 et
1184 1867 1246 1956 diei

102 1997 218 2060 vesper
240 1977 326 2052 erat,
353 1976 486 2057 repente
509 1969 640 2035 Maurus
662 1971 784 2034 ineerto
810 1965 897 2034 uoltu
921 1991 1041 2052 pavens
1063 1971 1101 2034 ad
1122 1967 1247 2036 Sullam

102 2079 245 2142 adcurrit
267 2078 408 2161 dioitque
431 2076 493 2140 sibi
516 2097 555 2139 ex
577 2074 832 2159 speoulatoribus
854 2073 1028 2156 cognitum,
1050 2073 1247 2158 Jugurtham

101 2185 184 2248 haut
206 2182 318 2267 procul
342 2182 482 2245 abesse«

189 2287 397 2371 Partioipium
435 2306 613 2370 »pavens«,
653 2285 739 2369 quod
772 2283 932 2348 Linkerus
973 2287 1064 2348 uncis
1104 2287 1245 2366 inclusit,
1350 2297 1353 2304 ’

102 2391 247 2455 omnium
271 2390 413 2455 codicum
437 2410 595 2453 consensu
618 2389 695 2452 adeo
713 2390 874 2452 munitum
897 2392 954 2466 est,
978 2392 1015 2452 ut
1027 2391 1100 2474 ejioi
1117 2413 1246 2476 prorsus

101 2518 170 2561 non
202 2495 332 2572 debeat,
362 2494 395 2558 id
417 2493 503 2578 quod
526 2495 659 2577 insuper
682 2491 790 2557 Severi
813 2493 1044 2578 comprobatur
1064 2495 1246 2563 imitatione

276 2599 381 2663 DIII
413 2600 468 2676 15,
500 2599 521 2662 4
554 2596 789 2662 »trementibus
821 2597 917 2662 labiis
944 2599 1131 2685 incertoque
1154 2603 1246 2666 vultu

278 2704 406 2768 decolor
429 2725 507 2787 prae
528 2701 636 2766 furore
659 2702 790 2766 rotabat
811 2703 941 2766 verba«.

191 2807 261 2882 Qua
287 2807 469 2872 imitatione
499 2805 585 2890 quod
609 2805 791 2870 Dietsehius
814 2829 845 2890 p.
870 2808 912 2871 94
934 2805 1094 2873 Kritzium
1118 2815 1245 2877 secutus

102 2913 237 2979 verbum
261 2934 418 2997 »pavere«
442 2912 482 2976 de
503 2912 643 2976 maximo
666 2914 764 2990 metu,
789 2912 844 2994 qui
860 2912 1014 2996 pallorem
1027 2918 1061 2979 et
1071 2917 1244 2984 tremorem

104 3017 238 3095 efficiat,
270 3016 420 3100 usurpari
443 3015 582 3093 monuit,
615 3015 745 3100 egregie
767 3015 987 3094 confirmatur,
1017 3038 1089 3082 oum
1112 3018 1245 3086 Severus

102 3120 184 3186 illud
208 3141 366 3205 »pavens«
391 3140 449 3203 per
472 3119 638 3185 »decolor«
663 3119 891 3203 interpretatus
913 3120 965 3184 sit.

192 3503 268 3568 Jam
291 3503 349 3568 ubi
371 3503 508 3587 triginta
530 3502 597 3566 fere
618 3503 697 3567 loeis
719 3502 908 3568 Sallustium
932 3527 1003 3572 cum
1027 3505 1063 3572 L.
1087 3507 1244 3594 Septimio

102 3613 135 3675 et
155 3607 298 3694 Sulpicio
321 3605 438 3672 Severo
460 3607 677 3671 imitatoribus
700 3609 906 3688 contulimus,
933 3611 1093 3696 reliquum
1115 3619 1172 3692 est,
1196 3621 1242 3697 ut,

101 3734 183 3800 quaa
204 3713 364 3779 invenisse
385 3711 480 3776 nobis
502 3711 676 3790 videamur,
700 3713 809 3796 paucis
820 3714 1135 3798 comprehendamus.
1172 3719 1244 3786 Pri-

100 3840 189 3884 mum
217 3817 319 3902 igitur
350 3837 406 3882 sex
432 3816 512 3882 loeis
534 3816 636 3882 codici
663 3817 833 3899 Vaticano,
865 3841 931 3882 non
953 3819 1100 3886 Parisino
1124 3845 1155 3888 n.
1180 3826 1243 3891 500

100 3923 220 4009 primas
249 3922 435 3988 tribuendas
462 3922 674 4005 judicavimus
697 3943 755 3986 neo
777 3943 844 3987 non
867 3923 1014 3988 Parisino
1040 3923 1243 3994 Parisinum¹

99 4049 131 4090 n.
161 4025 245 4090 1576
279 4025 351 4110 plus
384 4026 491 4089 minus
521 4024 764 4090 anteferendum
795 4047 862 4091 esse
892 4028 1072 4094 statuimus.
1125 4030 1242 4098 Itidem

99 4129 303 4212 compluries,
337 4130 364 4193 si
394 4151 476 4212 quae
505 4128 697 4194 insolentius
727 4129 921 4196 aSallustio
956 4132 1042 4196 dieta
1066 4153 1132 4200 esse
1155 4137 1242 4204 vide·

99 4235 235 4312 bantur,
274 4235 432 4300 similibus
470 4235 671 4300 imitatorum
705 4223 900 4320 comparatis
931 4235 1109 4303 defendere
1134 4247 1242 4309 eonati

98 4359 207 4403 sumus
228 4336 285 4402 cfr.
308 4339 376 4403 Oat.
400 4340 450 4418 20,
475 4340 494 4405 6
519 4341 572 4404 »in
596 4341 663 4406 dies
685 4339 788 4424 magis
811 4341 1010 4426 magisque«.
1055 4340 1132 4429 Jug.
1155 4345 1239 4424 10,1

100 4463 158 4506 »ea
180 4463 263 4506 res«.
307 4441 381 4528 Jug.
393 4445 445 4523 42,
462 4445 483 4508 4
499 4444 675 4526 »deseret«,
697 4443 773 4529 Jug.
792 4446 843 4522 47,
868 4447 887 4508 2
904 4445 1104 4539 atemptandi
1123 4449 1239 4532 gratia,
