2926 4978
639 267 662 334 9

163 386 260 510 ¹sall.
282 442 359 530 Jug.
569 441 654 507 Diot.
678 438 729 506 Gr.
972 437 1005 504 S.
1028 435 1101 504 Ser.

102 676 129 745 3)
149 675 204 732 dux
221 679 301 744 atque
318 673 459 746 inperator
485 671 511 726 11
537 672 572 727 35
599 671 655 728 dux
682 675 764 742 atque
791 673 841 728 im·
868 674 970 744 0114,
991 674 1004 726 1
1023 671 1211 753 6666616611-

80 748 155 804 vitae
173 748 331 803 mortalium
468 749 577 813 perator
595 745 708 800 militiae
851 747 965 804 citatore
982 741 1177 814 conjurationis

100 820 137 875 ad
152 819 272 896 gloriam
290 817 398 874 virtutis
414 816 458 872 vie
485 817 498 870 1
524 820 558 872 16
575 833 639 872 eum
670 816 705 872 ud
722 815 839 887 gloriam

81 896 222 962 grassatur
469 927 476 942 .
497 927 503 942 .
521 888 681 944 festinarent

100 1033 128 1102 2)
159 1032 253 1103 ingeni
279 1030 390 1101 egregia
417 1029 457 1084 ia·
485 1030 512 1086 ΙΙ
534 1033 564 1086 19
584 1029 694 1100 egregia
717 1029 839 1086 labomm

81 1104 176 1160 einana
468 1103 525 1172 ejus
542 1099 663 1158 iaoinora

102 1246 130 1314 6)
149 1286 178 1302 ..
198 1250 335 1300 extremae
350 1244 457 1299 demen-
485 1243 524 1302 IV
542 1246 577 1299 32
601 1245 754 1313 postremae
782 1242 839 1298 des-
869 1248 921 1305 cl.
935 1247 979 1317 32,
999 1245 1108 1316 aplane
1118 1242 1219 1315 insigni

79 1318 137 1373 tiae
153 1321 208 1372 est:
227 1318 279 1371 nisi
290 1316 360 1371 forte
378 1333 457 1385 quem
468 1315 840 1385 perationisatqueamentiae
851 1321 975 1389 exemplo
993 1319 1128 1372 amentiae
1146 1333 1223 1387 prae·

82 1389 257 1445 ...lubido
275 1392 347 1444 teest
364 1391 458 1458 poten·
850 1394 963 1462 optabat
989 1390 1144 1444 libertatem
1168 1405 1223 1442 aer·

80 1461 186 1518 tentiae
208 1477 357 1530 paucorum
376 1460 458 1515 decus
850 1465 915 1520 vitio
934 1466 1038 1517 mutare

81 1538 165 1604 atque
194 1533 352 1587 libertatem
381 1548 457 1586 suam

81 1603 239 1675 gratificari.

102 1751 116 1800 1
147 1747 231 1817 sequ.)
271 1746 398 1802 Ceterum
424 1761 458 1799 ex
867 1749 904 1804 M.
934 1751 964 1816 1,
996 1751 1065 1802 1-2
1097 1746 1222 1816 Plerique

81 1819 154 1873 alliis
170 1818 302 1888 negotiis,
326 1833 393 1886 quae
418 1818 457 1871 in·
851 1821 1000 1875 mortales.
1020 1862 1046 1875 ..
1065 1819 1161 1874 exinde
1174 1835 1223 1887 pe-

82 1892 165 1960 genio
178 1894 346 1953 exercentur,
364 1890 392 1942 in
403 1890 457 1958 pri·
851 1909 975 1960 renuam,
1011 1896 1043 1947 ut
1077 1891 1222 1960 putabant,

80 1963 136 2016 mis
154 1979 254 2030 magno
273 1961 332 2015 usui
350 1966 457 2015 estme-
850 1966 1010 2020 memoriam
1034 1963 1153 2018 nomiuis
1181 1961 1223 2016 sni

79 2035 171 2088 moria
194 2050 285 2087 rerum
310 2043 456 2101 gestarum·
850 2025 1029 2105 quaesierunt,
1048 2036 1151 2090 sivitas
1168 2034 1223 2088 ela·

80 2123 147 2160 narn
158 2122 239 2173 saepe
249 2121 301 2172 ego
312 2104 418 2158 audivi'.
432 2143 455 2158 ..
850 2125 941 2162 rorum
959 2108 1079 2163 virorum
1103 2106 1166 2160 stilo
1183 2105 1223 2158 in·

80 2176 237 2247 praeclaros
263 2176 335 2230 viros
362 2177 456 2230 solitos
851 2181 1014 2234 lustrassent.
1032 2196 1100 2248 quae
1112 2194 1223 2234 resnou

80 2251 121 2302 ita
139 2248 228 2304 diane:
247 2264 310 2302 oum
322 2248 455 2316 majorum
850 2270 996 2320 perennem
1024 2251 1148 2320 quidem,
1175 2247 1223 2303 aad

80 2321 457 2446 6166666666·
850 2325 1223 2450 {litt'tttttlttl'

80 2481 159 2518 mum
190 2463 225 2516 ad
255 2463 384 2516 virtutem
411 2462 457 2516 ad·
723 2495 736 2518 ι
851 2414 1057 2536 166Ῐ6661,Ρ6616
1084 2471 1113 2519 et
1137 2481 1222 2531 suam,

82 2535 173 2592 uendi.
209 2533 330 2588 Solieet.
351 2573 358 2587 .
377 2575 383 2588 .
401 2552 457 2586 me·
849 2539 1055 2594 licetineassum
1063 2536 1223 2590 memoriam

80 2607 170 2660 moria
200 2623 289 2658 rerum
321 2610 455 2677 gestarum
849 2612 1046 2681 pr0paggbanq
1062 2607 1223 2678 etpropopi.

80 2696 144 2732 eam
173 2677 313 2730 flammam
341 2677 457 2744 egregiis
850 2684 883 2736 tis
910 2699 1073 2752 magnorum
1101 2681 1223 2735 virorum

80 2750 147 2804 viris
166 2751 194 2802 in
207 2754 318 2816 pectore
337 2763 456 2800 creseere
849 2755 1222 2824 exempljsnonparvapemu-

80 2837 170 2889 11111111θ
180 2821 253 2888 1111111
267 2817 365 2884 sedari,
377 2837 456 2886 quam
850 2828 914 2880 latio
942 2825 1097 2896 legentibus
1124 2823 1221 2878 exeita·

78 2891 457 2959 virtuseorumfamamatque
484 2886 511 2940 ΙΙ
530 2891 548 2941 4
566 2888 663 2942 divinis
675 2888 771 2958 patriis
787 2889 838 2943 rir-
849 2899 929 2952 batur

8 3017 9 3028 ,
80 2965 198 3034 gloriam
216 2962 382 3032 adaequarit.
467 2959 837 3030 tutibuspropriemgloriam

466 3032 687 3099 aequiparaverat

92 3105 121 3174 3)
130 3109 231 3158 memet
238 3103 357 3159 studium
364 3122 453 3158 meum
481 3103 518 3156 IV
540 3105 573 3156 16
586 3102 766 3172 virtutemque
782 3104 838 3172 ejus

78 3177 218 3232 laudando
237 3177 366 3231 extollere
464 3176 704 3297 forgingemorando
743 3175 838 3230 efferre

474 3263 507 3298 au
528 3262 537 3296 r
558 3263 588 3297 us

9 3348 10 3365 i
98 3317 127 3387 8)
146 3319 200 3374 alia
274 3335 323 3387 per
342 3334 370 3371 se
383 3319 452 3386 ipsa·
481 3315 508 3368 II
530 3319 561 3369 19
588 3316 640 3385 ipsi
664 3317 731 3373 olari
758 3323 838 3386 atque

79 3393 156 3446 clara
173 3395 201 3444 et
220 3388 366 3458 magnifica
465 3386 602 3457 magnifici

10 3479 12 3496 1
98 3465 126 3532 9)
145 3478 239 3516 verum
264 3477 315 3530 ego
342 3461 453 3515 liberius
866 3463 922 3519 01.
940 3467 985 3524 23,
1004 3464 1021 3515 7
1040 3461 1089 3514 sed
1111 3463 1221 3532 longius

78 3535 213 3602 altiusque
230 3532 358 3601 processi,
388 3533 453 3586 dum
846 3534 1009 3606 quamvolni
1019 3551 1220 3602 egressuram,

11 3623 12 3626 ’
78 3623 123 3660 me
135 3605 252 3659 civitatis
262 3621 367 3658 momm
379 3605 455 3673 piget
847 3610 912 3662 dum
930 3623 975 3660 me
998 3611 1156 3674 temporum
1173 3623 1221 3660 no·

79 3677 240 3745 taedetque3
265 3691 338 3730 nuno
361 3677 397 3730 ad
416 3678 454 3729 in·
846 3685 964 3733 atrorum
973 3678 1051 3747 piget
1062 3677 1219 3747 taedetque:

11 3817 12 3832 χ
79 3753 192 3819 coptum
209 3747 303 3874 reigo.
846 3749 882 3805 ad
898 3750 1039 3820 inceptum
1057 3749 1149 3803 redeo.

11 3893 12 3900 ’
101 3889 126 3958 1)
144 3889 454 3958 variaqueuiotorialuit
481 3888 522 3942 Ill
557 3893 589 3944 16
617 3889 691 3947 varia
728 3906 837 3961 semper

465 3961 578 4016 victoria
596 3965 748 4016 certaverat

11 4051 13 4090 ῑ
97 4031 125 4100 s)
151 4031 273 4088 amieitia
296 4031 454 4088 Masinissae
482 4032 551 4086 1113
571 4033 664 4087 fideles
680 4033 836 4102 atqueami·

78 4104 151 4159 bone
162 4107 243 4172 atque
251 4103 365 4160 honesta
374 4103 453 4158 nobis
463 4103 565 4159 eissimi
600 4105 679 4159 nobis
716 4105 751 4159 ad
784 4105 836 4160 hoo

77 4175 228 4246 permensit
399 4179 401 4182 ’
463 4180 572 4245 tempus
589 4180 795 4248 permanserunt

12 4279 13 4286 κ
96 4247 338 4316 eodemeultuqno
351 4246 452 4302 liberos
480 4246 520 4299 Il
543 4263 635 4301 seeum
648 4247 836 4303 eoshabuerst
864 4248 1217 4312 castrametandum

77 4335 139 4376 suos
156 4317 232 4376 domi
249 4318 346 4376 habuit
462 4333 547 4446 gaique
557 4319 736 4445 mingrsqusm
745 4319 835 4389 regios
845 4338 896 4393 pro
913 4320 969 4376 filio
987 4321 1091 4378 ouant

498 4406 612 4446 uterere
