2926 4978
99 497 168 559 res,
200 501 319 546 nomen
340 481 367 558 Q
389 479 517 561 Aradii,
547 482 599 547 cui
628 485 766 569 epistola
786 486 943 572 inscripta
965 488 1023 568 est,
1054 483 1241 552 abdicandi

100 609 165 672 666
198 589 337 674 scriptor
370 590 473 654 utitur
504 609 615 674 genus.
671 591 805 656 Aradios
838 593 967 677 quidem
998 591 1078 656 duos
1111 591 1239 656 sacculo

100 695 216 778 quarto
246 693 343 759 fuisse
367 694 491 759 Teuffel
521 695 555 759 in
587 695 701 760 histor.
733 696 797 761 1111.
828 718 910 761 rom.
943 719 974 782 p.
1007 696 1069 760 957
1102 695 1243 760 ostendit

100 821 206 883 neque
233 802 344 864 tamen
375 801 414 866 ad
437 801 575 864 alterum
597 822 708 865 eorum
732 802 904 886 epistolam
932 802 1021 866 illam
1045 802 1153 866 datam
1175 821 1243 864 esse

76 903 343 970 'demonstravit
399 905 487 980 Quae
519 927 591 970 cum
624 907 671 971 ita
700 908 781 986 sint,
822 907 903 972 mihi
941 907 1070 991 quidem
1103 907 1137 970 in
1171 907 1242 970 tota

100 1009 288 1089 quaestione
309 1010 513 1094 dijudicanda
535 1032 712 1078 esermone
724 1013 874 1097 Septimii
889 1012 1156 1097 proficiscendum
1175 1029 1243 1074 esse

99 1111 236 1176 videtur.
282 1113 345 1189 Qui
373 1136 491 1192 sermo,
525 1138 542 1180 6
572 1116 698 1182 1166611
721 1118 894 1202 generibus
917 1138 990 1181 cum
1012 1116 1149 1180 aliorum
1172 1117 1240 1178 tum

99 1213 235 1282 Sallusti
257 1219 433 1297 confusum,
457 1242 652 1304 quamquam
674 1242 740 1285 non
761 1224 848 1286 caret
862 1223 901 1286 iis
925 1243 1006 1306 quae
1030 1220 1242 1304 scriptoribus

100 1325 217 1405 quarto
239 1325 290 1389 vel
312 1327 426 1409 quinto
448 1327 573 1392 saeculo
596 1325 785 1392 florentibus
808 1329 884 1391 6661
909 1326 1101 1403 familiaria,
1132 1326 1242 1388 tamen

100 1447 173 1490 mea
193 1429 322 1511 quidem
345 1431 521 1509 sententia,
549 1453 646 1514 quem
668 1453 709 1495 ne
732 1432 812 1496 fines
835 1431 909 1495 hnic
931 1429 1144 1515 disputationi
1166 1448 1242 1492 con-

100 1530 233 1596 stitutos
255 1532 401 1617 egrediar
423 1555 490 1598 non
512 1535 639 1618 plenius
657 1556 825 1620 exponam,
849 1557 917 1600 non
939 1538 1008 1600 tam
1023 1537 1168 1619 impurus
1182 1535 1240 1610 cst,

101 1639 139 1697 ut
161 1655 233 1700 oum
256 1635 782 1722 Γ16611618661161166]1166616611
804 1640 932 1704 demum
954 1638 1120 1723 aequalem
1142 1635 1241 1700 fuisse

101 1741 238 1806 credam.
288 1742 429 1808 Exeunti
459 1747 566 1808 autem
596 1745 734 1810 secundo
756 1743 807 1809 vel
837 1745 964 1809 ineunti
1006 1744 1088 1809 ertio
1117 1740 1243 1806 saeculo

100 1846 203 1912 tribui
226 1869 299 1911 eum
323 1848 499 1914 maluerim.
545 1848 654 1934 Atque
677 1849 758 1915 haec
780 1850 944 1915 hactenus.

188 1950 301 2037 Neque
331 1953 437 2017 minus
459 1954 632 2038 scriptores
661 1955 871 2020 ecclesiastici
892 1952 1080 2018 Sallustium
1103 1950 1242 2037 amplexi

101 2075 258 2139 usumque
286 2057 354 2140 ejus
382 2058 509 2122 dicendi
530 2059 650 2123 imitati
669 2061 754 2123 sunt.
800 2057 862 2123 Sed
884 2058 1019 2142 longum
1042 2059 1091 2121 est
1113 2058 1161 2122 ire
1183 2077 1242 2144 par

101 2159 243 2242 singula3
285 2159 347 2225 hoo
385 2183 486 2226 unum
518 2164 857 2240 commemorabimus,
892 2165 925 2226 in
959 2162 1088 2246 scriptis
1118 2160 1243 2225 Aurelii

101 2264 278 2350 Augustini
309 2270 342 2332 et
372 2269 423 2332 vel
451 2270 589 2334 maxima
619 2271 654 2334 in
683 2270 774 2334 libris
805 2272 844 2335 de
874 2269 1004 2334 civitate
1027 2269 1090 2333 Dei
1124 2268 1242 2332 multos

101 2371 189 2436 locos
212 2371 422 2438 Sallustianos
453 2375 600 2440 laudatos
632 2397 698 2440 esse
724 2375 795 2462 (cfr.
815 2374 833 2440 I
856 2375 885 2439 5.
907 2374 941 2438 ΙΙ
964 2376 1014 2439 21.
1039 2373 1088 2438 III
1114 2374 1164 2451 10,
1191 2373 1241 2456 14,

104 2477 154 2557 17,
179 2481 218 2540 21
233 2478 307 2562 cet.)
332 2476 572 2563 Sulpiciumque
587 2479 739 2545 Severum
762 2479 972 2564 Aquitanum,
997 2479 1087 2562 cujus
1113 2479 1242 2562 praeter

101 2579 201 2645 libros
212 2603 230 2646 a
243 2584 353 2648 mundi
365 2583 495 2647 exordio
508 2585 586 2649 duos
601 2622 641 2631 —
654 2606 868 2669 quamverum
881 2583 1244 2650 chronicorumillorum

101 2684 234 2749 titulum
263 2707 328 2751 esse
350 2686 545 2770 Bernaysius
572 2689 606 2751 in
637 2689 813 2773 appendice
842 2688 1071 2773 disputationis
1100 2709 1175 2751 suae
1203 2686 1242 2750 de

101 2790 263 2855 chronicis
286 2789 420 2876 Sulpicii
443 2791 551 2857 Severi
572 2792 692 2877 (Berol.
718 2793 815 2877 1861)
839 2795 952 2858 statuit
976 2828 1016 2838 -
1040 2791 1107 2855 vita
1130 2789 1243 2855 Sancti

102 2894 252 2975 Martini,
283 2895 405 2980 dialogi
433 2899 499 2960 tres
529 2898 729 2984 totidemque
752 2899 906 2983 epistolae
929 2897 1023 2962 nobis
1044 2898 1242 2972 manserunt,

8 3011 9 3034 ³
102 3002 139 3063 ut
176 2999 307 3064 Sallusti
336 2999 505 3085 Tacitique
537 3004 698 3068 aemulum
731 3005 810 3068 satis
840 3003 1031 3068 innotuisse.
1089 3001 1241 3066 Severum

8 3105 10 3134 l
102 3106 210 3168 autem
233 3126 305 3169 cum
324 3127 418 3170 omne
442 3128 474 3170 se
496 3109 624 3192 tempus
645 3108 680 3172 in
697 3107 884 3173 Stiliconem
907 3108 1069 3172 consulem
1092 3105 1244 3171 direxisse

101 3210 170 3293 ipsa
192 3210 486 3295 asseruimus,
505 3212 536 3296 7)
558 3212 653 3276 initio
677 3213 783 3296 quinti
804 3212 919 3278 saeculi
944 3211 1088 3275 floruisse
1105 3211 1242 3276 constat.

187 3313 261 3378 lam
293 3337 369 3379 vero
404 3316 555 3400 quoniam
585 3317 662 3381 libri
692 3339 790 3381 manu
824 3317 954 3401 scripti,
995 3316 1112 3401 quibus
1146 3337 1244 3401 opera

102 3417 234 3483 Sallusti
256 3419 375 3482 tradita
398 3421 489 3497 6661,
521 3421 674 3504 cujusque
698 3423 824 3505 generis
846 3442 913 3485 666
935 3421 1030 3486 modo
1053 3421 1167 3486 erratis
1189 3418 1244 3484 sed

9 3523 10 3533 ’
102 3523 199 3587 etiam
222 3524 415 3609 corruptelis
434 3524 531 3609 plena
554 3527 645 3605 sunt,
674 3527 790 3609 quibus
812 3526 900 3590 vitiis
923 3524 1048 3590 accedit
1070 3523 1157 3608 quod
1179 3522 1242 3608 ipsi

102 3631 225 3697 codices
254 3631 341 3697 haud
373 3654 447 3697 raro
475 3632 613 3698 multum
636 3633 722 3698 inter
744 3655 777 3698 66
799 3632 1000 3717 discrepant3
1034 3633 1067 3694 61
1089 3631 1243 3715 quoniam

101 3737 310 3802 historiarum
332 3758 398 3802 non
420 3735 573 3802 habemus
595 3737 659 3802 nisi
681 3737 861 3822 fragmenta
884 3757 984 3820 caque
998 3734 1037 3800 de
1051 3756 1146 3800 66666
1161 3755 1243 3820 quae

11 3855 12 3902 1
102 3839 199 3906 fuerit
231 3841 403 3905 verborum
438 3844 471 3906 et
510 3842 711 3908 locutionum
746 3841 879 3909 Sallusti
913 3840 1007 3924 copia
1047 3861 1113 3904 non
1147 3839 1243 3924 plane

102 3946 328 4033 perspicimus,
358 3947 414 4032 qui
444 3947 572 4030 scriptis
602 3948 670 4032 ejus
691 3949 726 4014 in
748 3949 854 4014 lucem
877 3946 1007 4013 edendis
1030 3966 1161 4029 operam
1186 3967 1244 4009 na·

102 4055 221 4118 verunt
241 4072 450 4137 quaecunque
465 4050 660 4118 Sallustiana
681 4075 755 4118 cum
778 4054 833 4118 alii
857 4053 1029 4136 scriptores
1045 4052 1115 4114 tum
1137 4071 1245 4138 gram·

104 4157 212 4224 matici
241 4157 414 4222 memoriae
444 4156 655 4240 prodiderunt
684 4158 827 4242 undique
851 4176 974 4221 summo
998 4153 1103 4217 studio
1126 4155 1244 4220 collata

102 4265 136 4328 in
157 4284 226 4328 rem
248 4282 339 4328 suam
363 4261 601 4326 converterunt.
647 4259 761 4346 Neque
785 4262 901 4326 desunt
922 4259 978 4344 qui
1000 4258 1088 4322 locos
1112 4256 1244 4323 Sallusti

102 4366 142 4432 ad
164 4367 299 4432 aliorum
322 4366 515 4452 scriptorum
539 4386 669 4430 manum
696 4367 926 4432 rest'tuendam
954 4361 1171 4429 adhibuerint.
1216 4361 1244 4427 Ε

100 4471 215 4558 661166
247 4474 376 4560 praeter
409 4471 532 4538 eeteros
560 4471 777 4540 nominandus
809 4473 858 4540 661
882 4466 1110 4554 Woelfflinus,
1144 4486 1240 4554 quem
