2926 4978
800 245 840 311 18

341 407 418 480 Sall.
441 409 517 498 Jug.
731 417 819 485 Diet.
843 419 896 486 Or.
1130 424 1162 491 S.
1184 425 1258 495 Ser.

261 638 289 710 4)
308 641 421 696 saevitia
439 642 571 712 temporis
642 646 681 707 VI
699 650 716 703 8
734 650 847 706 saevitia
864 649 962 706 hiemis

261 729 347 782 neque
373 713 435 784 eapi
459 731 545 784 neque
568 715 615 771 ob·
1026 716 1131 790 0122,
1149 721 1313 791 deppidum
1331 762 1385 778 ...

242 783 326 839 sideri
342 789 451 855 poterat
1008 807 1094 859 neque
1120 794 1315 865 expugnationi
1336 812 1383 850 ne·

410 881 444 986 58
1007 879 1058 930 que
1076 865 1212 922 obsidioni
1229 866 1308 922 laeile

260 993 288 1062 5)
306 1000 424 1065 perculsi
437 1002 557 1056 tumultu
574 1001 614 1055 in·
640 995 668 1048 Π
687 998 720 1050 42
739 998 828 1052 lerrlll
853 1003 934 1069 alque
958 999 995 1052 ln-

240 1067 321 1123 selito
624 1067 732 1135 proviso
757 1073 875 1125 tumultu
903 1089 996 1126 exsan-

624 1157 688 1208 guas

259 1212 287 1280 9)
313 1231 462 1272 memorem
484 1216 611 1271 humana·
638 1212 697 1266 123
711 1212 889 1268 humanarum
902 1230 993 1269 rarum

239 1301 301 1339 rum
318 1303 411 1342 rerum
622 1286 811 1340 necessitatem
836 1287 927 1342 animo
953 1303 993 1340 re·

622 1362 719 1424 putans

262 1500 289 1567 1)
316 1504 358 1555 set
381 1502 429 1555 nbi
452 1518 485 1556 ea
508 1501 611 1556 Romae
638 1499 798 1555 lleubida
808 1497 993 1568 conjuratione
1023 1496 1130 1560 0120.
1149 1501 1166 1553 6
1183 1493 1379 1566 quodubipo-

239 1578 372 1639 conperta
407 1579 483 1641 sunt,
523 1581 628 1628 metus.
649 1612 655 1625 .
675 1611 682 1625 .
705 1573 779 1642 ap'nd
797 1571 908 1640 Trojam
931 1587 992 1624 eon·
1005 1571 1066 1640 pule
1079 1577 1259 1639 compertum,
1276 1585 1378 1650 magna

238 1648 316 1711 atque
342 1662 450 1700 maeror
469 1647 609 1702 civitatem
622 1648 728 1712 pertum
746 1648 795 1712 est,
814 1652 901 1697 metus
913 1647 992 1709 atque
1004 1650 1107 1697 mentes
1124 1643 1245 1696 omnium
1260 1640 1377 1722 lormrde

237 1715 361 1770 invasere
621 1733 727 1771 maeror
753 1717 893 1771 universes
919 1714 1149 1770 iuva-incesserat
1184 1730 1268 1783 eoque
1308 1710 1377 1765 malr

620 1805 679 1842 sere
1003 1793 1121 1847 ventum.
1139 1789 1171 1839 ut

254 1856 283 1926 b)
301 1859 426 1928 persequi
445 1899 473 1914 ..
493 1895 501 1911 ·
519 1860 609 1915 animo
1019 1860 1047 1913 M
1067 1862 1117 1924 25,
1142 1860 1156 1911 1
1185 1855 1301 1912 ardebat
1318 1854 1377 1909 ani·

235 1928 350 1984 ardebat
1003 1948 1062 1984 mus
1082 1972 1088 1985 .
1109 1971 1115 1984 .
1135 1970 1142 1984 .
1159 1929 1278 1984 seribere

253 2003 609 2070 quamquampersequi...
1019 2003 1039 2058 Ο
1064 2002 1091 2054 ll
1118 2004 1169 2070 49,
1201 2002 1216 2052 5
1247 2000 1286 2053 ita
1314 1999 1375 2052 tum

235 2073 326 2126 animo
345 2073 468 2142 ardebat,
492 2075 609 2143 cognitis
1000 2073 1118 2128 Ithaeius
1135 2072 1238 2139 statuit,
1254 2071 1320 2124 lieet
1331 2085 1375 2123 re·

235 2143 366 2199 militibus
393 2185 398 2198 .
421 2184 453 2201 ..
475 2163 508 2200 ex
532 2148 610 2215 eopia
1001 2147 1050 2200 bus
1074 2145 1177 2211 dubiis,
1207 2143 1272 2198 novi
1298 2143 1375 2210 inpe-

233 2231 324 2269 rerum
349 2217 445 2271 statuit
471 2217 524 2271 sibi
542 2220 609 2272 nihil
998 2218 1096 2271 rateris
1138 2217 1285 2270 adventum
1328 2230 1374 2266 ex·

235 2287 397 2358 agitandum
497 2309 500 2316 ⁴
1000 2295 1121 2355 peetare:
1141 2288 1251 2340 interim
1265 2284 1316 2338 sibi
1330 2285 1374 2338 ni·

999 2361 1037 2413 hil
1055 2359 1216 2429 agitandum

252 2498 279 2569 5)
297 2502 329 2554 ut
341 2515 421 2568 saepe
437 2539 489 2570 ...,
508 2500 566 2555 sie.
582 2541 606 2555 ..
1015 2503 1035 2557 G
1059 2503 1072 2556 1
1095 2505 1140 2568 24,
1165 2501 1183 2554 2
1209 2504 1241 2555 ut
1263 2517 1373 2570 semper

231 2572 339 2641 plebem
347 2589 380 2624 ex
389 2573 514 2626 secundis
524 2573 606 2627 rebus
997 2573 1055 2627 deri
1079 2573 1203 2627 secandis
1229 2575 1309 2626 rebus
1328 2591 1373 2628 so·

230 2643 375 2699 insolentia
392 2649 503 2714 ceperat
998 2647 1042 2715 let,
1066 2663 1175 2729 ‘morem
1200 2645 1373 2714 disciplinae·

995 2734 1047 2786 que
1064 2734 1209 2772 immemor

249 2857 266 2908 2
286 2858 314 2909 et
333 2854 360 2924 3)
385 2863 473 2910 metus
499 2854 604 2910 hostilis
935 2894 938 2901 -
1013 2860 1064 2914 cl
1089 2863 1138 2930 32,
1164 2862 1179 2913 3
1205 2858 1252 2912 sed
1276 2859 1370 2913 hostili

229 2925 603 2983 inbonisartibuseivitatem
993 2938 1067 2986 metu
1103 2936 1208 2986 remoto
1243 2932 1370 2985 secundis

230 3000 376 3052 retinebat.
416 3000 464 3053 Set
485 3000 533 3054 ubi
557 3001 604 3053 illa
992 3004 1196 3073 tranquillisque
1208 3004 1297 3065 rebus,
1310 3021 1370 3060 eor·

229 3069 347 3124 formido
384 3072 520 3125 mentibus
557 3072 603 3125 de·
993 3079 1079 3144 ruptis
1115 3074 1248 3137 consiliis,
1290 3092 1368 3129 more

230 3142 321 3202 cessit,
332 3142 437 3197 scilieet
445 3160 550 3212 eaquae
559 3160 602 3196 res
995 3148 1086 3216 vulgi,
1130 3147 1173 3200 eui
1212 3146 1368 3214 praesentia

228 3213 361 3266 secundae
372 3219 474 3277 amant,
493 3215 602 3268 lascivia
994 3217 1111 3286 fastidio,
1123 3217 1225 3270 insueta
1231 3217 1367 3271 desiderio

228 3291 310 3352 alque
327 3286 454 3353 superbia
471 3285 601 3340 invasere.
993 3295 1056 3344 sunt
1074 3329 1081 3343 .
1101 3327 1108 3343 .
1128 3328 1135 3343 .
1156 3287 1330 3342 desiderabat

227 3355 270 3409 Ita
288 3357 360 3425 quod
379 3358 407 3409 in
421 3358 542 3412 advorsis
560 3375 601 3412 re·

227 3426 279 3482 bus
315 3434 475 3497 optaverant
506 3431 600 3485 etium.

226 3501 372 3569 postquem
408 3502 501 3570 adepti
531 3507 600 3556 sunt.

226 3572 346 3639 asperius
363 3574 539 3642 acerbiusque
551 3573 601 3627 fuit

253 3642 280 3709 7)
308 3659 456 3711 palleorum
486 3647 599 3701 arbitrio
626 3655 651 3712 V
676 3657 693 3711 6
719 3657 821 3728 quippe
848 3661 894 3730 qui
919 3679 980 3717 0011.
1009 3644 1033 3698 D
1058 3643 1071 3697 Ῑ
1101 3646 1147 3706 102
1181 3647 1195 3698 1
1223 3644 1292 3700 nihil
1314 3661 1364 3701 ⁸110

227 3713 293 3770 belli
305 3715 433 3785 domique
444 3718 599 3788 agitabatur
609 3730 708 3797 tempti
720 3732 880 3800 disjectique
892 3734 927 3788 ab
939 3752 978 3788 re·
990 3716 1104 3771 llbllrl⁰
1122 3733 1204 3786 agere

610 3801 679 3868 gulia
692 3803 806 3856 arbitrio
818 3805 905 3860 alieno
918 3823 978 3877 age·

243 3928 271 3995 9)
288 3928 346 3985 sine
357 3931 440 3987 medo
452 3931 596 3988 modestia·
607 3878 705 3998 rplngg
722 3944 780 4000 sins
798 3947 880 4003 modo
898 3953 979 4019 atque

224 4016 276 4069 (1¹¹0
607 4016 703 4070 ordine

240 4072 362 4141 polluere
381 4078 526 4132 strastare
539 4094 596 4132 om·
1007 4073 1027 4128 (l
1056 4074 1083 4128 II
1111 4076 1162 4144 46,
1196 4078 1209 4130 l
1242 4075 1362 4145 pollutae

222 4145 267 4199 nia
989 4147 1117 4231 ecelesiae
1147 4151 1175 4202 et
1205 4151 1362 4219 perturbata

989 4236 1081 4275 omnia

250 4356 279 4429 4)
309 4292 455 4432 igitur42ea
484 4361 597 4420 viatoria
1008 4363 1028 4420 O
1047 4360 1119 4436 123,
1138 4363 1154 4418 5
1172 4363 1202 4418 in
1220 4380 1252 4420 ea
1269 4379 1362 4436 pugna
