2926 4978
10 1625 13 1724 l

9 1895 13 2084 l

633 257 677 323 43

154 439 317 506 »aeterum
350 438 430 507 mihi
459 441 495 506 in
524 440 591 508 dies
619 440 722 526 magis
745 437 911 524 magisque
941 434 1066 500 animus
1088 431 1206 501 odoen-

62 539 172 624 ditur,
205 567 277 612 cum
306 548 489 627 considero,
521 567 603 633 qnae
632 546 775 612 conditio
796 544 881 610 vitas
911 541 1022 607 sutura
1050 541 1109 619 sit,
1142 539 1204 606 nisi

63 653 196 718 nosmet
218 652 281 738 ipsi
302 652 502 719 vindicamus
524 653 558 718 in
580 651 776 718 libertatem.

161 755 187 820 V
211 759 358 823 »nosmet
378 759 473 844 ipsi«,
495 757 532 822 P.
556 756 590 823 (1.
615 760 761 824 »nosmet
782 757 901 842 ipsos«.

155 861 189 927 V
218 863 273 927 »iu
303 861 371 928 dies
393 863 496 949 magis
526 864 723 948 magisque«,
754 862 790 929 Ρ.
813 861 847 928 (1.
870 861 905 926 in
928 859 995 926 dies
1016 857 1140 942 magis«
1163 884 1207 902 ·-

63 965 138 1033 Hoc
171 968 242 1035 loco
265 968 334 1034 Vns
364 968 415 1034 bis
444 990 526 1034 nnus
548 989 656 1034 veram
687 968 880 1053 scripturam
907 984 1048 1030 servasse
1070 961 1158 1026 videt
1199 1006 1207 1024 .

63 1071 166 1158 Cujus
188 1075 379 1139 auctoritate
402 1074 532 1139 subnixi
552 1094 624 1138 oum
645 1093 765 1152 omnes,
793 1071 849 1155 qui
872 1069 992 1153 scripta
1014 1063 1147 1131 Sallusti
1169 1061 1204 1127 iu

63 1197 161 1242 usum
190 1178 355 1264 publicum
384 1178 569 1256 ediderunt,
601 1179 746 1244 »nosmet
773 1177 854 1262 ipsi«
887 1193 984 1260 quam
1005 1171 1203 1255 reliquorum

62 1281 215 1348 codicum
249 1283 420 1349 lectionem
452 1268 598 1349 »nosmet
625 1283 733 1367 ipsos«
764 1279 864 1365 recipi
894 1276 1083 1352 maluerint,
1119 1268 1206 1357 quod

11 1417 13 1426 v
61 1387 166 1453 iidem
195 1389 256 1454 viri
286 1391 414 1474 praeter
436 1386 660 1454 Woelfflinum
689 1385 819 1471 (Philol.
850 1382 956 1461 XVII,
990 1380 1067 1464 521)
1096 1395 1207 1444 omnes

10 1535 14 1596 Ι
63 1493 209 1576 ejusdem
238 1491 281 1560 Vi
318 1495 372 1559 »in
406 1492 473 1559 dies
507 1493 610 1578 magis
638 1492 821 1576 magisque«
854 1487 1036 1556 exhibentis
1064 1480 1211 1565 uestigiis,

64 1595 190 1662 relictis
220 1597 260 1663 ad
281 1596 320 1661 Pi
350 1597 522 1663 lectionem
555 1597 610 1662 »iu
639 1596 706 1662 dies
735 1595 857 1682 magis«
888 1590 1045 1677 singulari
1066 1588 1207 1674 quodam

64 1702 306 1767 inconstantiae
327 1703 473 1788 exemplo
496 1701 744 1786 confugiendum
767 1721 834 1766 esse
857 1697 1005 1766 arbitrati
1027 1697 1114 1772 sunt,
1133 1693 1207 1779 jors

65 1811 181 1872 nostro
204 1808 368 1872 miramur.
413 1807 498 1872 Vum
518 1808 620 1891 enim,
650 1807 805 1891 qnoniam
826 1826 910 1870 uuus
930 1799 1103 1870 lectionem
1125 1819 1207 1883 quas

66 1912 231 1977 sententia
260 1933 390 1996 prorsus
419 1910 616 1996 efflagitatur
648 1911 730 1977 »nisi
759 1912 886 1977 nosmet
914 1909 978 1995 ipsi
1010 1906 1209 1974 vindicamus

66 2017 105 2080 in
136 2016 339 2082 libertatem«
370 2017 506 2103 praebet
526 2016 598 2102 (cfr.
621 2015 752 2082 Weinh.
775 2039 807 2102 p.
840 2015 913 2093 197,
944 2014 1056 2080 Dieck.
1090 2034 1123 2098 p.
1151 2007 1208 2096 28)

66 2125 177 2189 totum
198 2123 305 2187 locum
319 2121 366 2188 Po
389 2122 506 2188 rectius
529 2121 696 2187 tradidisse
711 2141 812 2205 eaque
823 2119 862 2185 de
881 2139 976 2186 causa
995 2136 1089 2202 quem
1110 2115 1209 2180 etiam

65 2230 104 2294 in
133 2227 241 2294 uerbis
272 2227 327 2292 »iu
357 2227 425 2293 dies
454 2228 554 2312 magis
582 2227 770 2313 magisque«
794 2245 965 2310 sequamur
987 2223 1117 2307 dignum
1141 2239 1209 2288 esse

66 2335 214 2420 apparet.
258 2331 368 2417 Atque
390 2333 515 2399 etiamsi
537 2333 725 2398 Sallustium
747 2332 861 2398 ceteris
882 2331 971 2411 locis,
994 2328 1111 2413 quibus
1130 2347 1210 2411 quo·

67 2435 229 2501 tidianum
259 2437 306 2501 rei
336 2435 473 2521 alicujus
498 2437 732 2501 incrementum
755 2437 789 2501 et
809 2435 910 2500 veluti
932 2451 1134 2520 progressum
1155 2451 1209 2497 ex·

7 2599 9 2610 ,
67 2541 190 2627 primii,
220 2543 278 2606 aut
301 2543 355 2606 »in
378 2539 445 2607 dies
468 2542 590 2627 magis«
615 2539 671 2628 (H.
694 2539 816 2617 11161‚
841 2540 897 2626 28)
919 2542 976 2605 aut
1000 2539 1120 2623 »magis
1141 2559 1211 2604 ma·

7 2739 8 2742 Ἴ
69 2647 185 2732 gisque
214 2647 249 2711 in
279 2646 364 2713 diss«
389 2645 472 2732 (car.
497 2647 527 2727 5,
552 2647 581 2728 7,
603 2645 677 2731 Jng.
702 2645 732 2722 7,
755 2643 790 2730 6)
811 2645 976 2731 scripsisse
998 2647 1112 2730 negari
1140 2667 1208 2712 non

7 2743 9 2776 ⁵
69 2753 189 2836 potest,
212 2753 322 2816 tamen
342 2750 422 2816 illud
445 2750 531 2836 quod
551 2750 585 2816 in
598 2750 649 2816 Vo
672 2751 794 2837 legitur
817 2751 870 2814 »in
892 2750 958 2815 dies
973 2750 1076 2836 magis
1089 2750 1210 2835 magis·

68 2877 153 2941 que«
176 2855 282 2920 tribus
305 2854 454 2941 Septimii
474 2856 564 2937 locis,
587 2856 704 2941 quibus
717 2856 984 2922 idamverborum
1001 2856 1079 2923 ordo
1094 2857 1210 2936 exstat,

67 2963 148 3030 satis
178 2983 338 3049 superque
366 2960 494 3028 defendi
518 2960 646 3028 videtur
676 2960 838 3028 efr.119
870 2966 987 3047 »atque
1013 2963 1145 3028 iuterim
1173 2964 1209 3028 in

68 3067 138 3132 dias
172 3067 276 3152 magis
309 3066 475 3158 magisque
506 3066 681 3132 saeviens«.
726 3065 800 3132 117
832 3089 919 3134 mare
948 3068 983 3133 in
1013 3067 1081 3134 dies
1109 3066 1210 3152 magis

68 3173 234 3256 magisque
256 3173 377 3236 saevire
399 3172 555 3256 occepit«.
599 3170 648 3236 ΙΙΙ
670 3171 689 3235 3
709 3171 825 3256 jactari
847 3173 954 3238 animo
977 3175 1074 3257 atque
1092 3174 1127 3237 in
1141 3173 1209 3248 dies

68 3278 175 3363 magis
207 3279 371 3363 magisque
405 3278 550 3341 aestuare
579 3275 767 3342 desiderio«.
816 3277 939 3352 Quibus
968 3279 1047 3344 locis
1076 3280 1209 3362 quartus

68 3381 199 3468 quidam
223 3382 309 3448 haud
331 3401 469 3467 prorsus,
484 3380 646 3447 dissimilis
668 3382 792 3447 accedit
812 3379 900 3447 1119
925 3382 1030 3448 »malo
1053 3381 1210 3468 paulatim

68 3488 174 3573 magis
196 3488 362 3573 magisque
385 3487 646 3571 ingravescente«
669 3485 881 3552 —Forsitan
903 3489 1064 3576 quispiam
1081 3489 1209 3572 dixerit,

70 3615 265 3679 quamquam
286 3591 356 3658 Vns
385 3594 418 3657 et
441 3590 615 3676 Septimius
647 3592 792 3658 imitator
821 3593 904 3659 alter
933 3596 1070 3661 alterum
1100 3597 1211 3664 defen-

68 3699 156 3777 dant,
179 3698 283 3765 nihilo
305 3697 411 3763 minus
433 3700 542 3762 tamen
564 3698 598 3762 in
621 3696 681 3762 tali
694 3698 865 3764 verborum
885 3700 995 3768 ordine
1012 3702 1210 3772 haerendum

70 3825 149 3871 esse.
192 3803 314 3870 Tribus
347 3803 434 3869 enim
461 3802 526 3868 illis
554 3801 707 3888 loquendi
734 3800 880 3869 formulis
911 3805 965 3871 »in
987 3807 1054 3874 dies
1074 3811 1211 3898 magis«,

72 3910 196 3996 »magis
224 3909 392 3995 magisque
422 3909 457 3972 in
482 3906 587 3986 dies«,
620 3908 675 3973 »in
693 3908 760 3974 dies
782 3909 884 3992 magis
917 3912 1102 3998 magisque«
1138 3915 1211 3983 dili·

70 4016 185 4102 genter
206 4014 292 4079 inter
314 4034 347 4078 se
369 4013 563 4100 comparatis
586 4011 681 4091 effici,
705 4014 742 4078 nt
763 4013 916 4080 inverbis
939 4015 992 4082 »in
1005 4016 1073 4085 dias
1084 4022 1209 4107 magis«

71 4122 104 4186 61
133 4120 168 4184 in
200 4118 307 4184 verbis
340 4118 463 4204 »magis
493 4118 660 4203 magisque
689 4117 724 4183 in
752 4119 839 4185 dics«
871 4122 1050 4205 posteriore
1083 4147 1210 4212 quaque

72 4225 164 4310 parte
195 4223 272 4288 novi
302 4221 423 4306 aliquid
445 4222 598 4303 addatur,
621 4223 656 4288 in
678 4223 783 4290 verbis
805 4225 915 4290 autem
945 4227 999 4293 »in
1021 4227 1089 4295 dies
1111 4233 1211 4316 magis

72 4329 255 4414 magisque«
298 4327 435 4393 alterum
473 4329 614 4413 »magis«
650 4327 809 4414 superflue
845 4328 1012 4396 adiciatur.
1068 4331 1210 4403 Tantum

68 4435 178 4500 tamen
189 4431 291 4512 abest,
305 4433 343 4497 ut
356 4431 527 4498 lectionem
537 4430 581 4497 Vi
590 4431 768 4519 scripturae
779 4430 829 4515 Pi,
852 4433 943 4519 cujus
957 4454 1058 4503 unum
1078 4439 1206 4504 tantum
