2926 4978
613 292 655 355 49

18 483 21 518 l
53 463 250 547 comparatis
272 474 344 526 oum
367 461 412 526 eis
435 481 517 543 quac
541 465 576 525 iu
599 463 762 528 codicibus
785 461 917 527 Sallusti
940 465 1061 548 scripta
1082 466 1197 549 legun·

18 551 27 639 l
52 570 121 642 tur,
153 565 278 629 nullum
301 565 406 628 locum
430 567 628 648 invenimus,
662 568 740 650 quin
765 566 806 630 Vi
829 568 988 650 scriptura
1010 589 1068 652 per
1089 570 1197 632 imita·

18 689 20 712 ‘
52 674 141 734 tores
169 670 242 733 illos
272 669 528 734 confirmaretur.
575 669 724 755 Optimos
752 692 827 735 vero
859 671 992 736 Sallusti
1026 673 1127 736 libros
1157 673 1196 736 ad

53 797 185 838 manum
207 775 247 838 iis
270 773 368 838 fuisse
392 774 431 838 de
445 773 603 858 Septimio
616 775 728 838 saltem
749 775 966 840 illustrissimo
977 777 1197 841 demonstrare

53 899 223 960 possumus
244 877 400 961 exemplo.

531 1043 600 1107 Cat.
624 1045 676 1118 49,
701 1047 730 1108 l.

142 1207 289 1294 Scriptor
310 1210 366 1273 ubi
386 1210 531 1274 narravit
543 1229 625 1292 quae
649 1208 871 1291 conjuratione
884 1207 1042 1274 Catilinae
1065 1211 1193 1276 detecta

53 1315 91 1378 in
126 1301 240 1377 senatu
269 1316 340 1377 acta
371 1315 478 1376 essent
501 1311 665 1377 Ciceronis
698 1311 839 1376 consulis
868 1311 978 1377 laudes
1008 1312 1060 1377 his
1082 1314 1197 1378 inserit
1300 1344 1303 1352 ·

54 1417 174 1494 verbis,
198 1417 306 1500 qualia
327 1417 362 1480 in
385 1417 516 1502 optimis
544 1415 636 1481 libris
666 1413 717 1500 (P.
737 1413 786 1501 C.)
815 1415 978 1500 leguntur,
1006 1418 1197 1500 quibuscum

18 1557 20 1614 5
55 1520 232 1586 deteriores
261 1541 391 1604 prorsus
421 1521 646 1599 consentiunt,
682 1515 744 1582 nisi
777 1519 862 1603 quod
891 1521 988 1583 trium
1021 1520 1198 1584 substanti-

18 1615 21 1692 l
54 1645 182 1707 vorum,
205 1645 287 1708 quae
309 1623 427 1688 iterata
448 1624 607 1707 particula
631 1644 773 1706 »nequer
798 1643 855 1706 per
873 1622 1109 1706 polysyndeton
1124 1645 1199 1687 con-

18 1755 19 1758 *
51 1729 247 1814 junguntur,
270 1727 413 1792 ordinem
435 1729 705 1791 immutaverunt:

147 1829 223 1896 »Set
245 1831 373 1896 “eisdem
405 1831 604 1915 temporibus
632 1829 669 1904 o.
701 1828 833 1893 Catulus
867 1831 900 1894 et
932 1829 966 1894 C.
991 1829 1064 1896 Piso
1093 1850 1197 1918 neque

18 1923 19 2002 J
55 1937 209 2024 precibus
228 1933 341 2019 ,neque
369 1937 475 2020 gratia
498 1957 600 2018 neque
624 1935 732 2018 precio
756 1933 941 2000 Ciceronem
963 1936 1119 2020 inpellere
1141 1959 1199 2022 po·

18 2021 20 2074 l
54 2046 166 2120 tuere,
197 2040 246 2103 uti
276 2059 334 2123 per
356 2037 548 2123 Allobroges
577 2040 633 2100 aut
663 2057 720 2120 per
742 2037 841 2100 alium
863 2037 1001 2102 indicem
1025 2037 1057 2102 C.
1083 2037 1199 2104 Caesar

55 2144 142 2208 falso
165 2143 418 2206 nominaretur.‹

145 2245 220 2311 Jam
243 2267 343 2310 unum
368 2245 534 2310 extribus
556 2243 620 2308 illis
643 2242 852 2309 substantivis
875 2244 1055 2327 »precibus
1082 2247 1198 2330 gratia,

57 2351 188 2437 precio»
221 2351 354 2434 propter
384 2349 590 2412 immutatum
620 2349 654 2411 in
677 2348 840 2412 codicibus
861 2347 1003 2411 ordinem
1029 2349 1199 2413 verborum

55 2455 260 2541 glossematis
282 2453 495 2537 suspicionem
518 2473 646 2518 movere
659 2452 842 2516 Dietsohius
865 2452 900 2514 in
920 2455 1090 2516 comment.
1111 2475 1142 2536 p.
1158 2453 1197 2516 65

55 2559 235 2624 rectissime
265 2556 439 2640 judicavit;
485 2555 569 2618 idem
610 2557 647 2617 ut
689 2555 877 2640 »precibus«
912 2555 1041 2636 ejiceret
1078 2555 1200 2620 duabus

55 2663 224 2748 permotus
245 2663 293 2723 est
313 2660 425 2724 causis.
469 2657 580 2741 Neque
603 2659 689 2722 enim
713 2657 828 2742 affugit
847 2658 949 2721 virum
966 2656 1195 2739 doctissimum,

55 2765 146 2850 quod
178 2763 340 2848 »gratiae«
373 2763 444 2845 ipsa
473 2782 550 2826 voce
581 2763 769 2846 »precibus«
803 2760 1026 2838 continentur,
1056 2767 1090 2826 et
1119 2765 1196 2826 satis

53 2867 168 2932 multis
208 2865 386 2929 illustravit
419 2864 574 2948 exemplis
608 2864 795 2929 Sallustium
829 2864 909 2929 illud
947 2865 1091 2948 ›gratia‹
1131 2887 1198 2929 non

53 2970 252 3053 conjungere
282 2968 383 3032 solere
413 2969 476 3031 nisi
498 2989 571 3032 cum
597 2968 806 3032 substantivis
837 2969 1018 3051 »precium«
1043 2971 1100 3033 aut
1124 2991 1199 3052 »pe-

52 3073 172 3138 cunia«
202 3070 259 3135 cfr.
283 3070 352 3136 Cat
377 3072 428 3148 52,
453 3072 505 3150 23,
535 3069 612 3154 Jug.
636 3073 686 3148 16,
711 3077 739 3136 1.
786 3071 838 3150 27,
863 3074 891 3133 2.
939 3072 990 3148 29,
1016 3073 1046 3134 3.
1091 3073 1144 3149 35,
1168 3076 1198 3135 8.

52 3177 172 3261 Neque
212 3178 332 3240 temere
365 3197 437 3239 curn
470 3175 577 3239 locum
610 3175 787 3241 correxisse
820 3175 913 3238 testis
947 3177 979 3239 et
1011 3173 1196 3260 Septimius,

52 3282 148 3364 cujus
171 3280 277 3345 locum
488 3289 489 3292 ’

187 3435 191 3442 .
229 3385 245 3448 Ι
279 3386 317 3448 18
353 3405 431 3468 »per
463 3384 547 3448 idem
587 3385 713 3467 ternpus
745 3383 862 3468 Lycius
893 3380 1059 3468 Sarpedon
1095 3405 1197 3468 neque

229 3489 334 3572 pretio
357 3509 461 3572 neque
484 3489 588 3570 gratia
610 3487 767 3568 Phalidis,
800 3487 1002 3552 Sidoniorum
1025 3489 1117 3570 regis,
1147 3488 1198 3550 irr-

228 3592 282 3656 lici
304 3592 417 3675 quivit,
442 3593 491 3654 uti
514 3592 698 3656 societatem
721 3592 854 3656 militiae
877 3594 1005 3655 nostrae
1029 3592 1196 3656 adversum

228 3695 384 3780 Trojauos
407 3699 616 3778 sequeretur«

46 3807 120 3883 jam
143 3799 254 3864 attulit
276 3796 530 3864 Wiedemannus
554 3801 588 3861 in
612 3797 728 3863 Philol.
753 3800 814 3863 vol.
839 3798 916 3864 XIX
938 3822 969 3882 p.
984 3797 1045 3864 155
1068 3810 1101 3862 et
1122 3796 1196 3864 Jor-

50 3906 154 3968 danus
188 3905 221 3968 in
254 3904 395 3969 editione
433 3924 490 3968 sua
528 3902 634 3967 denuo
673 3904 872 3987 perscripsit.
929 3902 986 3966 Cui
1020 3903 1193 3967 imitationi

49 4010 174 4072 eertum
197 4008 353 4072 Prisciani
375 4007 405 4070 X
426 4030 457 4092 p.
483 4007 545 4070 539
569 4005 696 4092 (Hertz)
719 4005 841 4072 accedit
870 4007 1091 4070 testimonium
1118 4007 1191 4071 »sed

46 4133 154 4195 neque
177 4096 282 4197 pretio
308 4133 411 4194 neque
434 4111 539 4193 gratia
561 4110 674 4194 inpelli
697 4109 833 4193 quivit«.
879 4108 941 4184 uui
957 4131 1031 4173 cum
1046 4109 1086 4172 ad
1098 4129 1190 4171 usum

46 4215 185 4300 perfecti
210 4215 339 4299 »quivi«
356 4213 640 4278 demonstrandum
656 4213 762 4278 locum
775 4212 908 4278 Sallusti
920 4212 1082 4291 adtulerit,
1106 4211 1191 4294 quod

45 4321 154 4384 facere
187 4320 217 4383 ei
247 4339 312 4383 non
344 4319 500 4395 licuisset,
533 4318 560 4382 si
587 4319 622 4380 in
654 4339 711 4380 suo
733 4315 817 4381 libro
842 4319 1014 4400 »potuere«
1038 4314 1194 4399 seriptum

48 4423 193 4506 legisset,
226 4444 360 4505 cumque
384 4421 544 4486 Mercerus
574 4421 629 4503 qui
662 4419 866 4502 ephemerida
896 4417 1022 4500 Dictyis
1050 4416 1149 4479 edidit
1177 4439 1193 4479 e

954 4527 970 4578 5
