2926 4978
616 252 656 314 57

7 435 104 518 tium„
138 449 186 492 rus
220 428 253 492 in
287 445 421 509 regnum
451 422 576 504 accepi,
611 423 809 486 existumans
839 445 905 487 non
935 426 1042 489 minus
1076 447 1126 490 me
1147 427 1208 490 tibi

7 558 26 614 r,
56 543 88 605 in
130 551 168 594 .m
192 530 324 606 liberos,
356 527 384 592 si
407 524 597 608 genuissem,
628 526 671 589 ob
693 526 842 590 benificia
863 548 972 592 aarum
994 527 1071 607 fore,
1104 551 1209 613 neque

7 649 76 712 iuno
132 655 183 698 res
206 632 323 696 falsum
346 650 397 694 me
417 627 562 692 habuit«

9 750 55 810 cfr
157 739 248 815 Quod
271 736 455 804 Dietscbius
483 757 514 818 p.
540 735 580 797 74
612 754 671 797 »ea
700 756 770 798 res«
802 757 861 819 pro
893 737 964 802 »id«
998 739 1095 802 scribi
1117 761 1210 824 posse

64 844 217 928 negavit,
250 844 283 907 id
314 842 395 906 falso
427 860 500 904 eum
529 837 679 902 statuisse
701 838 883 922 colligimus
905 862 922 904 e
946 839 1120 924 Septimio,
1154 845 1211 926 qui

63 947 184 1012 iisdem
206 947 273 1012 fere
296 947 402 1012 verbis
424 943 503 1008 dicit
525 945 558 1005 et
582 962 684 1023 »quae
707 963 758 1006 res
781 964 846 1006 non
868 943 989 1008 frustra
1002 967 1057 1010 eos
1073 946 1209 1010 habuit«

64 1051 196 1142 (1137)
227 1053 260 1116 et
292 1049 398 1134 »quod
429 1068 495 1111 non
524 1044 644 1108 frustra
667 1067 722 1108 eos
744 1045 879 1110 habuit«
905 1047 934 1128 (Ι
957 1050 1020 1132 11).
1066 1049 1136 1114 Huc
1158 1072 1211 1114 ac-

64 1155 155 1220 cedit
187 1156 272 1240 quod
306 1174 417 1220 omnes
449 1150 525 1214 libri
554 1149 742 1214 Sallustiani
775 1171 848 1215 raro
880 1153 1020 1235 quodam
1053 1175 1211 1219 consensu

63 1262 262 1344 scripturam
287 1279 345 1324 »ea
369 1277 440 1324 res«
464 1253 628 1331 exhibent,
651 1276 734 1337 quae
749 1255 845 1319 lectio
859 1258 989 1339 praetor
997 1258 1209 1324 imitationem

65 1362 220 1447 Septimii
241 1362 434 1438 Quintiliani
456 1380 585 1442 quoque
607 1359 642 1424 iu
664 1360 767 1423 instit
791 1375 840 1424 or.¹
859 1359 906 1425 IV
930 1362 959 1440 3,
989 1363 1026 1426 12
1055 1366 1089 1425 et
1110 1362 1211 1428 Nonii

67 1491 102 1554 p.
128 1469 169 1531 75
198 1466 329 1532 fulcitur
359 1463 564 1530 testimoniis.
611 1461 771 1539 Ceterum,
803 1465 830 1526 si
853 1463 1037 1530 Dictschius
1061 1487 1118 1530 »ea
1140 1489 1209 1532 res«

68 1592 132 1652 pro
157 1570 229 1634 ›id‹
253 1570 360 1634 minus
382 1569 528 1634 accurate
550 1565 613 1630 dici
626 1568 712 1630 recte
724 1567 898 1648 statuisset,
920 1569 1018 1634 etiam
1030 1570 1064 1634 in
1075 1573 1212 1654 septimo

68 1673 149 1737 belli
160 1673 236 1758 Jug.
259 1674 365 1757 capite
387 1673 449 1753 §3‚
473 1669 529 1734 ubi
551 1671 586 1734 in
608 1670 758 1734 omnibus
780 1670 973 1736 editionibus
992 1675 1213 1758 scriptumest

247 1780 315 1842 »set
336 1798 374 1842 ea
394 1797 445 1840 ras
466 1775 564 1858 longe
586 1774 681 1838 aliter
703 1795 741 1837 ac
764 1777 853 1838 ratus
874 1779 1092 1856 maturarit«,
1113 1780 1213 1844 verba

247 1901 305 1946 »ea
335 1901 404 1945 res«
434 1877 587 1944 delendae
607 1876 730 1950 forent,
766 1877 798 1941 id
821 1879 907 1962 quod
926 1881 1058 1965 insuper
1079 1905 1136 1966 per
1158 1883 1214 1949 Se.

246 2006 357 2050 verum
400 1986 504 2048 toturn
544 1981 650 2046 locum
694 1983 930 2048 accuratissime
969 1986 1213 2054 adumbrantem

246 2088 279 2154 C.
303 2089 320 2153 Ι
342 2089 398 2166 34,
432 2088 450 2151 7
483 2086 557 2152 »sed
589 2087 687 2170 longe
709 2085 803 2149 aliter
826 2107 863 2150 ac
884 2092 974 2152 ratus
995 2092 1065 2154 erat
1086 2093 1212 2156 evenit«

68 2193 290 2258 commendari
313 2194 428 2277 posset.

548 2419 625 2502 Jug.
648 2420 699 2495 25,
725 2419 753 2482 7.

162 2607 297 2674 Senatus
320 2606 459 2690 querelis
481 2603 674 2670 Adherbalis
696 2608 875 2670 commotus
900 2628 968 2671 non
990 2608 1096 2674 minus
1118 2631 1214 2693 quam

70 2719 238 2802 permotus
259 2715 385 2798 legatos
408 2715 442 2777 in
459 2711 602 2777 Africam
626 2712 798 2778 mittendos
820 2713 1013 2778 decreverat.
1058 2715 1120 2791 nui
1143 2739 1215 2781 cum

69 2815 93 2880 J
95 2817 270 2900 ugurtham
285 2839 382 2901 quam
394 2816 539 2880 ocissime
552 2816 680 2880 Uticam
697 2818 805 2880 venire
817 2817 997 2900 jussissent,
1020 2820 1075 2886 illo
1089 2822 1215 2904 »primo

70 2925 241 2988 conmotus
270 2924 359 2988 metu
390 2923 487 3004 atque
509 2921 655 2986 lubidine
678 2920 824 2986 divorsus
846 2923 1049 3006 agitabatur:
1080 2925 1216 2989 timebat

69 3027 156 3090 iram
188 3029 327 3104 senatus,
364 3027 399 3089 ni
432 3025 591 3110 paruisset
619 3025 752 3108 legatis:
786 3047 883 3109 porro
916 3028 1043 3092 animus
1065 3029 1216 3112 cupidine
1304 3041 1306 3048 ‘

70 3151 185 3196 caecus
204 3130 245 3194 ad
267 3131 433 3214 inceptum
455 3128 558 3194 scelus
580 3127 761 3212 rapiebat«.

164 3233 364 3318 »Rapiebam
400 3235 434 3298 in
457 3233 504 3298 Po
535 3234 691 3317 scriptum
724 3235 789 3315 est,
822 3232 912 3316 cujus
942 3235 1073 3316 quidem
1102 3257 1216 3301 manus

71 3339 174 3402 altera
195 3341 352 3422 punctum
374 3337 513 3414 addidit;
536 3339 570 3402 in
592 3337 725 3419 reliquis
746 3336 839 3401 libris
865 3337 1103 3420 »rapiebatur«.
1139 3339 1216 3404 Jam

72 3444 225 3526 quoniam
250 3443 365 3528 optimi
389 3442 506 3507 codicis
539 3441 617 3506 fides
637 3441 769 3506 alterius
792 3463 906 3506 manus
928 3444 1108 3508 correctura
1129 3444 1219 3508 labe-

70 3549 161 3612 facta
182 3550 240 3625 est,
264 3569 358 3612 omne
378 3546 536 3630 judicium
555 3568 572 3610 e
584 3546 746 3610 sententia
759 3549 793 3610 et
806 3567 866 3610 usu
880 3545 1007 3610 dicendi
1020 3544 1217 3614 Sallustiano

72 3649 213 3735 pendere
235 3649 372 3715 videtur.
418 3652 524 3734 Atque
546 3649 585 3714 ad
608 3671 677 3713 rem
699 3649 829 3733 quidem
840 3648 924 3714 nibil
939 3650 1085 3730 interest,
1108 3653 1217 3716 utrum

73 3755 234 3820 scribatur
258 3754 443 3838 »rapiebat«
468 3776 511 3818 an
535 3753 861 3838 ›rapiebaturcffiisi
882 3754 968 3836 quod
990 3752 1069 3819 illud
1087 3753 1217 3839 elegan-

73 3863 139 3924 tius
171 3860 315 3938 videtur,
350 3879 422 3924 cum
449 3860 576 3922 animus
605 3857 787 3944 Jugurthae
822 3861 987 3942 tamquam
1017 3859 1218 3926 adversarius

72 3965 250 4049 cogitetur,
282 3963 338 4046 qui
372 3967 410 4026 ut
438 3965 616 4046 temptator
646 3963 680 4027 in
703 3964 822 4028 malam
845 3984 917 4026 eum
941 3964 1066 4046 partem
1088 3964 1217 4030 trahere

71 4068 152 4134 vult.
199 4067 256 4133 Set
278 4087 350 4132 cum
371 4067 406 4131 in
429 4069 498 4132 arte
521 4068 632 4132 critica
654 4067 715 4132 hoc
737 4089 868 4151 prorsus
890 4067 1066 4131 cavendum
1085 4069 1137 4143 sit,
1162 4090 1214 4146 ue,

73 4171 179 4256 siquid
208 4171 387 4256 elegantius
418 4171 540 4236 dictum
562 4172 656 4236 nobis
679 4171 840 4248 videatur,
870 4171 902 4236 id
926 4173 1128 4254 potissimum
1151 4193 1219 4236 am-

73 4277 270 4360 plectamur,
301 4297 364 4358 qua
399 4275 524 4340 ratione
547 4274 720 4340 Sallustius
741 4294 850 4340 vocem
875 4275 1040 4338 »enimus«
1065 4297 1220 4360 usurpare

71 4380 174 4443 soleat
203 4378 435 4462 explorandum
466 4379 536 4443 erit.
582 4378 655 4443 Huc
685 4379 872 4463 pertinent:
903 4377 971 4443 cat.
996 4381 1026 4456 3,
1049 4379 1069 4442 4
1092 4379 1217 4447 animus
