2926 4978
764 183 807 250 40

323 350 401 420 Sall.
424 353 494 422 Ost.
704 355 789 422 Dict.
810 355 863 420 (ir.
1083 352 1140 471 S.
1162 351 1236 422 Ser.

218 509 309 567 nando
344 514 437 569 locum
473 513 729 585 ceperatcepa‘ret,
771 514 885 572 caedere
921 517 973 572 sin·

220 598 282 637 enm
302 623 309 638 .
331 585 492 655 ..tegebat
602 587 680 654 gulos

239 655 266 723 3)
284 655 399 710 Catilina
416 694 424 709 .
444 695 477 712 ..
501 665 592 725 reper·
618 658 657 714 IV
678 661 694 714 3
717 657 917 714 Penthesileam
934 659 973 714 vi·

219 729 263 783 tue
282 731 331 796 est,
350 725 491 796 paululum
509 729 660 785 etiamsera
695 729 856 784 seminecem
891 730 973 786 etiam

220 797 324 867 spirans
342 797 672 870 lerociamqueani·nnnc
717 800 897 872 admiratique
940 819 974 859 an

220 867 259 923 mi
270 884 351 936 quam
363 868 496 926 habuerat
506 868 590 943 vivos,
600 872 708 928 daciam

219 939 248 994 in
265 939 341 994 voltu
358 939 478 996 retinens

237 1009 266 1080 8)
283 1011 363 1095 multi
379 1017 486 1080 autem,
511 1013 557 1083 qui
576 1030 591 1070 e
1001 1017 1045 1074 01
1060 1020 1102 1086 16,
1112 1016 1130 1072 ὅ
1142 1021 1252 1089 postero
1265 1018 1371 1073 autem

220 1089 316 1138 ocstns
331 1122 357 1139 ..
371 1089 591 1168 ..processerant
984 1089 1029 1144 die
1058 1090 1278 1147 animadvertunt
1308 1088 1371 1158 qni

222 1157 474 1227 ...repenebent
984 1164 1061 1216 extra
1096 1166 1185 1218 cestra
1220 1170 1370 1232 processe·

982 1235 1055 1289 rent.

306 1939 394 2008 Haec
416 1940 580 2008 sufficiant
601 1941 641 2007 ad
659 1962 761 2027 genus
775 1943 966 2010 imitationis
979 1943 1113 2012 Sallusti
1131 1941 1364 2016 illustrandum

221 2048 380 2132 certisque
402 2043 660 2112 adumbrandum
681 2047 810 2112 finibus.
857 2047 966 2134 Atque
988 2049 1045 2115 ubi
1061 2051 1170 2116 omnia
1184 2072 1266 2135 quas
1282 2073 1362 2118 con-

221 2152 356 2218 tulimus
394 2152 587 2237 perscrutati
623 2152 759 2234 erimus,
800 2150 993 2238 Septimium
1027 2153 1120 2240 plura
1156 2177 1173 2220 e
1207 2155 1362 2222 Sallustio

222 2257 393 2341 sumpsisse
415 2277 512 2340 quam
527 2254 678 2322 Severum
701 2257 940 2324 concedendum
954 2259 1028 2324 erit.
1072 2257 1221 2326 (ictorum
1231 2261 1363 2327 nullum
1451 2273 1452 2276 ’

222 2361 289 2428 fere
312 2359 443 2428 Sallusti
463 2362 562 2447 caput
583 2362 792 2441 inveniemus,
816 2362 895 2448 quin
918 2385 957 2428 ex
979 2383 1017 2428 eo
1038 2363 1164 2450 saepius
1176 2365 1278 2450 ipsius
1293 2363 1365 2431 Sal·
1451 2363 1452 2366 ’

222 2467 300 2532 lusti
321 2469 430 2548 verba,
460 2464 546 2535 certe
567 2469 677 2532 tamen
699 2466 964 2549 constructiones,
987 2469 1164 2534 sententias
1186 2491 1362 2554 earumque

222 2593 334 2650 nexus,
364 2572 519 2636 formulas
541 2572 784 2656 locutionesque
807 2572 848 2636 ab
870 2571 1090 2638 imitatoribus
1112 2572 1163 2638 vel
1184 2573 1286 2639 altero
1310 2574 1364 2639 vel
1451 2605 1452 2612 ι

222 2683 361 2765 utroque
383 2681 540 2745 translata
560 2701 629 2746 esse
650 2679 890 2766 perspiciamus.
937 2679 1077 2746 Tantum
1099 2680 1185 2748 enim
1202 2681 1304 2761 abest,
1326 2684 1364 2750 ut
1451 2729 1452 2732 κ

222 2806 323 2869 genua
348 2784 428 2850 illud
461 2784 651 2849 imitationis
679 2784 811 2848 anxium
839 2785 871 2849 et
902 2783 1055 2869 pusillum
1082 2805 1149 2850 esee
1172 2787 1362 2863 statuamus,
1451 2839 1452 2862 1

223 2891 261 2954 ut
288 2911 370 2974 quae
392 2911 410 2953 e
439 2887 583 2953 fontibus
607 2886 811 2952 Sallustianis
832 2887 977 2952 derivata
998 2889 1089 2970 sunt,
1122 2889 1202 2954 haec
1224 2887 1366 2976 amplifi·

223 2997 310 3076 cata,
341 2993 397 3057 illa
418 2994 606 3070 contracta„
630 2991 712 3056 nihil
731 3013 798 3057 non
821 2993 1027 3058 immutatum
1050 2993 1282 3086 essefflicamus
1304 2992 1363 3059 cfr.

223 3096 440 3164 Dederichum
461 3097 496 3162 in
517 3096 759 3162 introductione
782 3118 815 3182 p.
837 3095 988 3176 XXXVI,
1015 3094 1169 3182 Bernaye.
1192 3098 1231 3163 dc
1250 3095 1363 3162 chron.
1451 3107 1452 3184 l

224 3201 256 3268 S.
280 3199 351 3266 Sev.
385 3223 416 3285 p.
451 3200 502 3264 30.
547 3199 635 3275 Quae
668 3221 862 3285 quamquem
891 3201 928 3266 in
960 3203 1133 3285 utrumque
1165 3201 1365 3266 imitatorem
1451 3191 1452 3248 Ῑ

223 3307 342 3385 valent,
365 3304 576 3371 nihilominus
598 3308 708 3370 tamen
729 3303 815 3370 inter
836 3325 891 3370 eos
905 3305 1077 3371 discrimen
1092 3305 1250 3391 quoddam
1263 3305 1365 3370 inter-
1451 3369 1452 3376 ,

224 3412 335 3478 cedere
378 3409 492 3495 negari
531 3431 599 3475 non
639 3411 757 3496 potest.
814 3407 988 3494 Septimius
1028 3410 1114 3476 enim
1146 3410 1363 3476 urbanitatem
1451 3493 1452 3516 ¹

224 3514 357 3582 Sallusti
381 3514 486 3580 minus
508 3515 671 3581 assecutus
693 3514 854 3601 permulta
877 3535 959 3600 quae
980 3515 1036 3580 ille
1058 3515 1222 3598 eleganter
1237 3535 1365 3600 expres·

224 3624 327 3699 seret,
356 3618 476 3684 insulse
505 3639 543 3684 ac
563 3619 664 3685 veluti
686 3640 791 3684 crasso
814 3617 954 3704 quodam
976 3616 1051 3683 stilo
1074 3616 1109 3684 in
1131 3616 1272 3683 deterius
1294 3638 1366 3682 mu·

223 3726 307 3791 tavit
335 3721 394 3789 cfr.
427 3721 496 3789 cat.
522 3725 580 3802 31,
613 3725 633 3788 8
665 3726 699 3787 et
725 3722 811 3788 Dict.
841 3719 892 3788 Cr.
923 3721 957 3787 ΙΙ
985 3721 1037 3786 24.
1090 3720 1137 3785 At
1165 3722 1278 3785 contra
1307 3719 1366 3786 Se·

224 3849 317 3896 verus
347 3848 411 3913 quo
441 3827 562 3911 majore
586 3827 649 3892 fnit
672 3826 788 3893 mentis
810 3825 957 3891 acumina
979 3827 1012 3890 et
1034 3825 1213 3890 subtilitate
1240 3824 1365 3908 judicii,

225 3955 263 4000 eo
286 3933 390 4018 magis
409 3932 546 3998 virtutes
569 3930 700 3999 Sallusti
722 3933 757 3998 et
787 3930 952 4016 perspexit
971 3931 1004 3994 et
1025 3929 1094 4016 ipse
1117 3928 1284 4015 amplexus
1306 3931 1365 3995 est.

311 4036 479 4106 Veriorem
508 4036 637 4120 quidem
666 4033 859 4101 imitationis
894 4034 1066 4118 imaginem
1095 4032 1203 4099 nescio
1233 4055 1277 4098 an
1305 4053 1366 4100 usu
1451 4091 1452 4110 ,

226 4140 354 4208 dicendi
377 4139 577 4224 Septimiano
607 4142 640 4206 et
662 4140 837 4207 Severiano
859 4157 934 4204 eum
955 4137 1189 4204 consuetudine
1210 4139 1368 4206 sermonis
1446 4134 1449 4224 ζ

224 4243 410 4313 Sallustiani
439 4243 557 4309 collato
588 4246 768 4332 exprimere
799 4243 975 4330 possimus,
1008 4242 1055 4309 ite
1077 4241 1163 4307 enim
1186 4241 1368 4308 imitatores

222 4348 443 4440 compluribus
464 4349 499 4415 in
520 4347 617 4437 rebus
637 4370 705 4420 nos
726 4348 837 4434 minus
856 4347 898 4416 ab
921 4365 981 4414 usu
995 4343 1193 4430 Sallustiauo
1215 4345 1365 4414 decedere

1445 4305 1450 4465 1

1445 4549 1452 4875 1
