2926 4978
801 319 842 387 12

355 489 432 556 Sall.
455 489 530 575 Jug.
743 494 830 560 Diet.
853 493 904 560 Or.
1146 491 1180 560 S.
1202 491 1275 560 Ser.

273 651 302 720 4)
321 651 403 706 aetati
421 649 583 708 concederet
655 652 680 710 V
704 655 738 706 14
762 651 859 707 honori
882 652 939 723 ejus
960 669 1011 723 per

639 725 828 780 verecundiam
845 725 995 782 concedens

274 793 301 862 5)
325 795 449 849 55555115
473 798 501 849 51
519 794 627 850 decreta
1039 795 1104 850 011
1123 796 1167 865 36,
1190 798 1207 852 6
1226 795 1261 850 de
1278 793 1396 852 Photino

255 865 347 919 omnia
367 867 486 922 rescindi
1021 872 1126 922 nonest
1140 867 1397 923 rescissasententia

274 937 304 1008 8)
321 955 389 1006 quae
397 938 444 993 ubi
452 939 556 994 tardius
566 955 629 1009 pro·
1048 938 1178 1004 01138,
1207 942 1220 994 1
1245 943 1305 994 tum
1329 956 1395 994 vero

255 1009 356 1063 cedunt
366 1050 372 1064 .
382 1049 389 1065 .
401 1049 418 1080 .,
430 1012 526 1066 5151511
534 1010 628 1079 quovis
1021 1009 1127 1074 Ariani,
1151 1009 1198 1065 ubi
1222 1010 1280 1066 doli
1297 1027 1395 1082 parum

256 1081 340 1138 modo
349 1081 487 1152 inceptum
499 1081 629 1152 perficere
1020 1086 1221 1152 processerant,
1253 1083 1280 1140 vi
1312 1099 1396 1153 agere

1022 1155 1172 1224 decernunt

279 1239 368 1292 neque
396 1224 497 1279 lenitur
524 1225 628 1280 animus
657 1225 733 1279 1112
757 1225 805 1280 ubi
827 1224 933 1279 animus
955 1240 1011 1280 non

255 1294 332 1350 ferox
640 1297 739 1352 lenitur
757 1297 804 1351 cfr.
824 1296 863 1354 IV
882 1299 917 1351 10

426 1369 467 1421 12.

275 1440 304 1508 3)
322 1451 400 1494 carus
418 1444 600 1509 acceptusque
655 1440 723 1495 120
737 1440 873 1510 jucundus
883 1441 1011 1508 acceptus
1039 1439 1148 1504 0120
1167 1419 1244 1494 carus
1255 1439 1396 1508 acceptus·
1454 1445 1455 1500 ζ

638 1529 691 1581 que
1021 1510 1395 1582 555515.1.25,1.135,
1454 1533 1455 1538 “

274 1651 301 1719 1)
320 1651 392 1706 fame
410 1691 417 1706 .
432 1693 440 1706 .
458 1669 626 1722 peromnem
656 1652 698 1706 13
718 1669 885 1722 peromnem
896 1653 1009 1706 insulam
1132 1625 1138 1653 ’

255 1722 374 1778 Africam
383 1725 460 1778 brevi
475 1725 628 1794 divolgatur
640 1724 710 1778 fama
721 1725 751 1778 in
760 1726 847 1794 majus
856 1725 1011 1794 divulgatur

272 1795 302 1848 in
327 1795 393 1850 duas
420 1800 511 1865 partes
543 1797 627 1852 diece-
657 1797 733 1853 vno
758 1798 847 1852 studio
866 1797 894 1851 in
918 1801 1010 1866 partes

255 1865 322 1920 dunt
638 1867 781 1922 discedunt

273 1940 302 2005 2)
319 1940 547 2009 55151555515551,
562 1941 628 1995 51155
1038 1940 1091 1995 01
1111 1941 1156 2007 24,
1176 1943 1188 1992 1
1209 1940 1328 1998 subactis
1348 1945 1395 1996 aut

254 2010 394 2065 voluntate
403 2012 508 2080 inperio
522 2029 569 2066 suo
581 2013 627 2067 ad·
1020 2029 1069 2082 per
1087 2011 1255 2066 deditionem
1274 2013 1397 2082 acceptia

250 2082 358 2164 jungit,
384 2085 459 2138 omni
483 2085 627 2139 Numidiae
827 2099 832 2108 ’
1020 2085 1145 2155 gentibus
1163 2083 1341 2154 imperitabat

253 2159 541 2295 1Πὸι)811515111185155515
564 2243 627 2282 con·
1038 2225 1131 2293 0121,
1150 2228 1167 2279 4
1186 2230 1296 2295 paratus
1309 2227 1396 2282 armis

253 2298 366 2352 tendere
1020 2298 1183 2353 contendere

273 2370 300 2438 5)
329 2371 433 2424 1551555
462 2387 539 2424 suum
566 2387 627 2426 oum
662 2368 689 2422 11
720 2371 755 2424 22
791 2371 917 2437 reputate
947 2383 1008 2422 cum

255 2443 346 2496 animo
365 2447 493 2512 reputans
637 2440 733 2494 animis
750 2441 847 2495 restris

272 2514 299 2574 6)
324 2517 427 2568 veteres
450 2514 552 2568 amicos
570 2530 626 2566 mu·
665 2513 689 2568 V
715 2514 748 2566 15
780 2513 900 2580 singulos
927 2528 1007 2580 quam

255 2586 364 2639 neribus
382 2587 510 2654 expleant
638 2583 762 2640 maximis
781 2584 859 2638 donis
876 2585 965 2653 replet

271 2658 301 2726 7)
325 2674 442 2725 quorum
468 2673 500 2711 ea
524 2660 626 2724 tempe·
654 2657 703 2709 16
731 2657 806 2724 cujus
832 2657 949 2709 maxima
978 2670 1009 2708 ea
1037 2649 1202 2714 011458
1226 2661 1342 2715 quorum
1362 2660 1396 2698 ea

253 2733 324 2782 state
334 2731 363 2781 in
373 2732 468 2782 senatu
481 2728 627 2782 auctoritas
637 2731 798 2796 tempestate
806 2726 882 2781 domi
892 2727 1009 2795 bellique
1019 2727 1181 2793 tempestate
1186 2736 1292 2774 summa
1299 2719 1395 2772 aucto·

254 2801 380 2870 pollebat
637 2799 779 2852 5555111555
798 2800 884 2853 valuit
1021 2798 1085 2851 ritas
1104 2799 1163 2850 erat

272 2877 315 2925 set
331 2872 380 2925 ubi
399 2911 450 2938 ...‚
467 2874 545 2924 tanta
554 2887 626 2926 ccm-
655 2870 681 2924 Il
700 2874 734 2924 42
753 2875 829 2924 15515
848 2910 876 2925 ..
895 2869 1009 2924 mutatio
1037 2870 1061 2922 D
1083 2871 1107 2924 1,
1126 2869 1151 2921 1.
1169 2868 1185 2919 7
1204 2864 1344 2944 tantus..
1364 2857 1394 2911 15

254 2945 369 2998 mutatio
387 2943 505 3007 15555511,
524 2945 556 2996 51
636 2943 788 2998 animorum
808 2981 840 2997 ..
863 2941 1009 2997 incesserat
1019 2943 1137 2996 cesserat
1147 2936 1228 2992 ardor
1238 2947 1393 2988 animorum

271 3086 299 3156 3)
318 3017 502 3155 5555151455
523 3085 626 3140 miseri·
1038 3072 1394 3148 CI20,6eoquemaliven·

252 3175 330 3213 arum
349 3162 477 3212 venturus
494 3174 570 3212 eram
1019 3159 1085 3218 tum,
1104 3157 1136 3208 51

269 3231 298 3300 7)
309 3229 475 3286 deformatus
489 3229 626 3284 aerumnis
637 3302 644 3353 l
646 3228 754 3356 gollirlnlis
759 3227 942 3284 deformatum
951 3228 1008 3297 jam

271 3371 300 3438 9)
323 3387 472 3438 numquam
495 3389 561 3438 ergo
588 3371 626 3425 15·
653 3373 714 3430 Va
739 3387 885 3438 numquam
913 3371 1008 3426 civitas

252 3443 329 3498 milia
346 3448 440 3497 nostra
448 3443 539 3512 quieta
553 3443 625 3498 erit?
636 3448 728 3499 nostra
747 3483 755 3496 .
776 3481 783 3496 .
803 3485 808 3495 .
834 3441 869 3496 ad
888 3444 1008 3511 requiem

252 3530 395 3584 semperne
428 3513 458 3568 in
493 3517 624 3584 sanguine
637 3515 754 3584 emersit,
771 3513 919 3583 usquamne
930 3515 1008 3568 nobis

252 3585 324 3640 ferro
342 3587 408 3656 iuga
425 3587 596 3644 versabitur?
636 3587 743 3644 defuere
767 3586 845 3640 fletus
863 3591 910 3639 551
928 3587 1008 3640 555115

635 3660 794 3714 imminutae
818 3657 1007 3712 calamitates?

274 3727 317 3796 10)
336 3728 401 3784 15511
419 3747 515 3799 pacem
539 3727 624 3800 agita·
652 3732 720 3788 Vll
737 3746 833 3799 pacem
845 3732 925 3796 atque
943 3730 1008 3784 ami·

251 3801 348 3858 barum
635 3803 729 3858 citiam
747 3801 886 3869 agitavere

272 3871 317 3940 11)
329 3887 444 3942 regnum
451 3873 507 3942 ejus
516 3872 625 3928 sceleris
653 3876 666 3929 Ι
684 3875 701 3928 5
719 3872 872 3927 universam
896 3870 1007 3926 domum

252 3943 295 4000 sui
311 3943 442 4014 praedam
460 3943 526 4000 15511
636 3947 692 4016 ejus
709 3945 738 3999 in
758 3943 844 3999 scelus
867 3943 1008 4012 proprium

635 4015 768 4074 convertit

1454 4017 1457 4048 Ι

270 4089 408 4142 extorrem
427 4087 516 4155 patria
534 4087 624 4151 domo,
1036 4077 1392 4162 01130‚8ext0rrespatuia
1450 4051 1457 4172 ¹

252 4159 362 4228 inopem
377 4162 406 4213 et
421 4162 565 4227 copertum
575 4157 624 4212 mi·
1017 4170 1067 4224 per
1085 4151 1323 4206 orbemterrarum
1338 4149 1390 4204 dns·

251 4230 329 4286 seriis
346 4228 438 4285 5115511
1018 4223 1090 4296 persi
1109 4225 1258 4276 cernuntur

270 4301 315 4372 15)
339 4300 423 4358 515551
447 4299 477 4355 15
494 4299 624 4364 tenebris,
1034 4297 1064 4351 M
1076 4297 1117 4358 16,
1135 4296 1153 4349 4
1168 4293 1284 4348 moritur
1292 4289 1390 4348 misero

248 4389 312 4430 oum
337 4387 461 4428 maerore
493 4375 521 4428 et
547 4372 622 4428 iuotu
1016 4363 1385 4439 generelangucrisetquod

248 4443 512 4530 morteflgrsrioram
535 4443 620 4502 vitam
1014 4442 1074 4511 ipsa
1091 4441 1134 4523 est
1143 4442 1240 4566 'annonae
1248 4435 1383 4496 crudelius

1018 4552 1050 4568 ..
1070 4552 1077 4568 .
1095 4527 1151 4568 mn

1454 4193 1457 4288 1
