2926 4978
623 261 664 328 41

8 507 20 546 ¹
56 455 163 521 quam
191 435 278 522 inter
297 457 331 503 se
352 409 534 523 discrepare
557 435 742 526 apparebit3
771 437 826 502 sed
849 434 1002 523 quoniam
1022 433 1108 500 tenti
1130 455 1199 499 am·

8 599 10 654 Ι
60 539 157 606 bitus
177 543 406 609 scrutationem
427 542 555 609 institui
575 535 626 609 ¹res
647 542 718 628 ipsa
739 544 837 622 vetat,
859 542 896 608 in
916 540 957 609 iis
970 541 1098 606 tautum
1113 539 1202 620 loeis,

8 658 10 740 ξ
62 667 151 730 quos
170 647 266 732 ,infra
292 649 463 714 tractaturi
492 670 619 728 sumus,
651 647 818 714 occasione
846 648 957 714 oblata
978 644 1013 711 in
1035 645 1117 710 hanc
1138 665 1207 710 rem

8 753 10 806 3
61 748 277 835 inquiremus.
323 751 393 829 Qua
425 754 458 818 iu
480 775 514 820 re
543 775 560 819 e
590 753 718 840 scriptis
749 749 879 838 quidem
902 751 1012 818 Severi
1044 771 1111 816 uon
1142 747 1226 812 nisi¹

63 854 147 922 libri
168 881 187 922 a
209 859 320 925 mundi
342 859 473 926 exordio
494 861 687 946 respiciendi
709 863 812 939 erunt,
835 859 957 946 quippe
980 859 1036 945 qui
1054 857 1209 946 unipuro

64 963 209 1046 quodam
231 964 329 1049 atque
347 964 513 1050 splendido
535 985 683 1031 sermone
704 963 912 1052 praecellant,
935 984 1006 1030 eum
1021 963 1055 1028 in
1073 961 1210 1046 dialogis

64 1067 105 1131 et
132 1067 200 1132 vita
226 1065 378 1147 Martini,
415 1069 532 1154 quibus
563 1070 599 1134 in
631 1070 723 1136 libris
752 1068 887 1134 Severus
919 1067 1066 1134 homines
1097 1065 1210 1158 doctos

64 1171 177 1236 minus
209 1175 369 1260 spectasse
398 1173 540 1253 videtur,
573 1175 643 1261 ipse
674 1195 707 1240 se
738 1173 934 1240 soloecismis
955 1193 1023 1239 uon
1044 1173 1210 1239 erubuisse

64 1277 163 1342 testis
184 1278 228 1343 sit
248 1277 307 1343 cfr.
330 1267 496 1345 exordium
517 1280 603 1345 vitae
625 1279 669 1345 M.
693 1283 713 1362 ς
736 1281 766 1359 5,
789 1279 942 1365 Bernaye.
966 1302 997 1366 p.
1021 1277 1074 1344 42.

157 1382 306 1449 Ceterum
329 1384 484 1471 exemplis
504 1384 699 1450 imitationis
719 1384 882 1470 congestis
904 1405 972 1450 non
994 1383 1057 1450 boc
1079 1383 1208 1448 tantum

65 1489 208 1554 assecuti
230 1509 348 1571 sumus,
377 1491 415 1554 ut
437 1509 500 1575 qua
522 1489 647 1554 ratione
669 1488 845 1576 Septimius
867 1490 899 1555 et
920 1486 1057 1554 Severus
1077 1486 1115 1554 iu
1136 1485 1208 1553 Sal-

18 1624 23 1633 ·
64 1593 167 1659 lustio
186 1594 343 1660 imitando
364 1593 483 1660 versati
496 1594 562 1660 sint
576 1595 817 1680 perspiciamus,
839 1594 944 1680 majus
957 1592 1208 1660 emolumentum

64 1697 238 1782 adipsum
260 1698 423 1784 pertinere
446 1696 571 1764 videtur
593 1696 792 1764 Sallustium.
836 1695 883 1764 Ut
895 1697 1015 1764 enimc
1034 1695 1115 1762 locis
1128 1695 1202 1775 illis,

65 1801 188 1888 quibus
211 1799 346 1870 Severus
367 1801 519 1869 historias
534 1800 746 1868 Sallustianae
767 1804 925 1889 spectasse
948 1801 1085 1879 videtur,
1107 1800 1210 1864 libros

65 1929 123 1974 eos
154 1907 287 1974 ineunte
321 1909 447 1976 saeculo
478 1909 593 1994 quinto
622 1930 753 1995 prorsus
780 1909 925 1996 integros
954 1907 1113 1974 exstitisse
1133 1906 1205 1971 luce

65 2013 186 2080 clarius
208 2015 359 2100 apparet,
390 2014 441 2078 ita
459 2017 593 2100 propter
614 2014 782 2098 utriusque
804 2013 979 2080 imitatoris
1006 2011 1208 2099 diligentiam

66 2139 200 2205 sperare
222 2139 400 2203 possumus,
423 2117 493 2184 fore
516 2120 553 2183 ut
573 2118 607 2184 in
623 2119 751 2206 scriptis
767 2115 901 2184 Sallusti
915 2117 1090 2184 secundum
1105 2120 1208 2183 artem

65 2222 216 2288 criticam
246 2223 447 2289 recensendis
468 2219 506 2288 la.
530 2222 679 2310 Septimii
707 2227 741 2290 et
762 2221 898 2309 Sulpicii
919 2221 1028 2290 Severi
1055 2246 1116 2310 ope
1138 2225 1210 2288 uta·

67 2329 260 2412 mutatque
283 2327 414 2394 auxilio.
459 2325 552 2403 Quod
574 2327 704 2413 quidem
725 2328 773 2393 ita
788 2328 859 2394 fieri
874 2327 1038 2408 nonlicet,
1061 2331 1098 2393 ut
1110 2329 1209 2394 verba

67 2429 203 2497 Sallusti
234 2431 297 2500 fide
331 2451 367 2497 ac
400 2453 557 2497 consensu
587 2430 733 2497 codicum
762 2432 840 2500 satis
862 2433 1003 2512 munita,
1036 2427 1210 2499 dummodo

67 2540 205 2624 propter
238 2559 368 2602 sensum
405 2539 438 2602 et
468 2557 564 2602 usum
601 2536 728 2604 dicandi
760 2538 926 2623 scriptoris
958 2537 1039 2604 ferri.
1072 2538 1208 2623 possint,

65 2644 200 2710 illorum
222 2643 326 2728 gratia
347 2644 534 2720 mulcatum
556 2641 590 2708 id
610 2644 740 2708 tautum
760 2641 844 2709 lucri
864 2643 1010 2723 facimus,
1032 2645 1071 2709 ut
1092 2643 1209 2729 quibus

66 2750 149 2815 locis
170 2750 331 2834 scriptura
352 2748 511 2814 librorum
527 2749 818 2834 manuscriptorum
833 2770 928 2814 seusu
943 2770 1074 2835 prorsus
1089 2750 1206 2826 careat,

11 2866 21 2995 p
65 2856 116 2921 ibi
139 2876 179 2920 ex
199 2853 419 2919 imitatoribus
441 2875 549 2919 veram
570 2855 740 2920 restituere
765 2875 933 2933 conemur,
964 2855 1036 2932 aut,
1069 2855 1097 2918 si
1119 2852 1209 2919 varia

66 2962 104 3026 in
134 2958 297 3025 codicibus
326 2956 448 3024 tradita
474 2957 559 3035 sint,
596 2981 667 3024 eam
702 2959 856 3043 eligamus
888 2959 1077 3042 lectionem,
1110 2979 1209 3045 quam

13 3134 17 3143 ,
68 3063 228 3150 Septimio
260 3065 294 3128 et
315 3061 432 3129 Severo
463 3062 590 3128 collatis
621 3084 730 3128 veram
760 3061 893 3128 Sallusti
925 3084 1057 3128 manum
1088 3061 1210 3128 habere

13 3184 17 3199 ·
68 3171 253 3247 debeamus,
276 3169 333 3233 aut
355 3169 383 3233 si
404 3168 482 3253 quid
504 3168 696 3234 insolentius
718 3167 760 3233 ab
782 3189 820 3233 eo
835 3168 956 3234 dictum
970 3188 1038 3262 esse
1051 3167 1207 3248 videatur,

12 3222 19 3333 l
67 3273 103 3340 id
132 3275 267 3360 propter
297 3273 416 3337 similia
436 3271 637 3338 imitatorum
660 3272 851 3340 defendatur
873 3275 971 3358 atque
994 3272 1203 3339 confirmetur

67 3377 131 3446 Sed
152 3381 353 3443 transeamus
371 3377 438 3464 jam
461 3377 501 3442 ad
522 3377 661 3464 singula.

12 3460 18 3557 l
155 3481 205 3549 Ac
228 3485 370 3569 primum
391 3482 521 3566 quidem
541 3483 629 3550 locos
651 3483 776 3568 aliquot
796 3485 967 3551 tractaturi
996 3508 1121 3565 sumus,
1152 3485 1209 3573 qui

14 3584 19 3645 t
68 3588 109 3653 ad
132 3609 185 3654 eos
207 3589 293 3673 ipsos
314 3586 452 3652 redeunt
472 3586 582 3666 libros,
606 3586 801 3653 Vaticanum
824 3611 856 3654 n.
870 3591 956 3657 3864
978 3592 1011 3656 et
1027 3589 1209 3658 Parisinum

14 3716 20 3765 ι
69 3715 101 3756 n.
125 3691 199 3771 500,
229 3692 268 3757 de
299 3689 415 3776 quibus
445 3691 601 3756 acerrima
630 3693 772 3758 virorum
802 3693 969 3760 doctorum
992 3695 1210 3760 controversia

15 3768 21 3875 l
69 3794 173 3861 adhuc
202 3794 346 3860 nondum
380 3794 555 3879 dijudicata
582 3798 641 3862 est.
677 3793 774 3872 Quae
803 3817 876 3862 cum
905 3799 953 3863 ita
983 3799 1066 3875 sint,
1099 3800 1209 3864 utrum

14 3888 18 3935 ²
69 3899 247 3984 sequendus
276 3900 319 3964 sit
340 3897 521 3982 Jordauus,
554 3901 610 3985 qui
642 3902 678 3966 in
698 3900 828 3967 Hermis
857 3903 919 3967 vol.
942 3903 959 3968 I
980 3926 1012 3988 p.
1038 3904 1210 3970 arc-240

16 4013 19 4071 ἶ
69 4005 156 4071 Vum
179 4005 404 4090 antiquissimo
423 4005 491 4090 jam
513 4007 659 4090 tempore
682 4005 914 4092 interpolatum
936 4029 1037 4093 eaque
1060 4009 1099 4076 de
1114 4030 1209 4076 cause

17 4092 20 4111 ¹
69 4108 219 4176 omnibus
240 4109 328 4189 locis,
352 4109 469 4195 quibus
483 4109 553 4176 Vus
567 4111 600 4175 et
614 4109 680 4176 Pus
695 4110 887 4196 discrepent,
911 4111 1057 4179 Parisino
1080 4113 1211 4199 postha-

68 4213 208 4280 bendum
237 4231 306 4280 esse
328 4213 469 4293 cenauit,
502 4235 545 4278 an
571 4212 784 4280 Weinholdus
806 4217 840 4279 et
860 4215 1032 4297 Dieclrius,
1062 4217 1119 4302 qui
1140 4239 1210 4284 seu·

67 4318 203 4384 tentiam
217 4316 351 4383 Jordani
373 4317 547 4384 novissimo
567 4319 711 4402 tempora
732 4317 801 4385 fere
821 4318 918 4384 simul
937 4319 1209 4406 impugnaverunt

18 4424 21 4495 Ι,
66 4423 100 4486 et
127 4420 323 4490 Vaticanum
354 4419 596 4508 praeferendum
628 4442 695 4488 esse
728 4425 912 4489 statuerunt
943 4423 1011 4508 (ille
1046 4424 1080 4489 in
1117 4425 1198 4491 actis
