2926 4978
826 189 871 254 44

267 355 369 443 ipsius
401 355 550 437 Sallusti,
586 359 759 426 imitatoris
790 383 865 428 vero
903 381 1034 446 prorsus
1072 364 1205 430 nullum
1249 370 1426 437 invenitur

268 465 467 548 exemplum,
498 463 753 548 posthabendam
785 487 853 532 esse
882 465 1092 546 arbitremur,
1124 470 1164 531 ut
1186 468 1278 534 Vum
1302 475 1356 538 vel
1388 477 1425 541 in

269 569 541 647 insolentioribus,
572 570 599 635 si
621 569 840 658 compluribus
861 571 1060 638 imitatorum
1080 573 1165 638 locis
1188 573 1424 659 defendantur,

270 675 339 740 sine
360 675 427 768 ulla
447 674 648 743 dubitatione
670 676 867 762 sequendum
889 699 956 744 esse
977 680 1173 744 statuamus.

722 933 796 1020 Jug.
820 936 871 1018 14,
896 935 947 1002 12.

355 1103 447 1191 »Ege
469 1102 663 1192 (Adherbal)
684 1105 730 1171 sic
752 1105 995 1189 existumabam,
1018 1106 1129 1190 patres
1151 1105 1345 1189 conscripti,
1367 1105 1411 1170 uti

267 1207 505 1295 praedicantem
528 1208 711 1274 audiveram
723 1211 849 1295 patrem
863 1230 986 1274 meum:
1008 1210 1065 1294 qui
1076 1210 1225 1275 vostram
1237 1208 1409 1274 amicitiem

265 1312 439 1400 diligenter
459 1313 613 1394 colerent,
636 1337 691 1381 eos
712 1316 850 1382 multum
872 1316 994 1382 laboris
1016 1315 1190 1401 suscipere,
1214 1316 1359 1380 ceterum
1373 1335 1407 1379 ex

265 1419 415 1485 omnibus
436 1441 583 1485 maxume
604 1422 694 1486 tutos
715 1441 801 1488 esse«

351 1524 385 1590 V
416 1526 575 1591 »multum
600 1528 757 1608 laboris«,
790 1526 826 1592 P.
849 1524 883 1592 0.
908 1525 1066 1590 »multum
1087 1525 1270 1591 laborem«.
1302 1559 1346 1573 —
1366 1523 1405 1590 Vi

265 1629 458 1715 scripturam
468 1629 683 1698 Weinholdus
704 1655 761 1698 suo
780 1633 853 1719 jure
872 1632 1062 1718 praetulisse
1073 1629 1212 1696 videtur.
1260 1627 1404 1714 Namque

264 1753 304 1800 ex
327 1734 486 1800 »multum
507 1735 660 1818 laboris«,
691 1757 763 1803 cum
786 1737 925 1815 librarii,
950 1738 1101 1802 neutrum
1121 1734 1218 1814 iflud,
1251 1734 1339 1820 quod
1360 1731 1406 1798 vel

262 1840 501 1921 substantivum
522 1843 574 1908 vel
596 1843 788 1926 adjectivum
799 1863 867 1909 esse
886 1843 1003 1929 posset,
1025 1841 1224 1927 adjectivum
1248 1841 1314 1907 rati
1336 1838 1405 1906 sub·

262 1944 438 2010 stantivum
462 1947 645 2013 ›laborem‹
669 1947 780 2014 eodem
802 1967 878 2014 casu
899 1947 1072 2026 adicerent,
1095 1945 1294 2032 scripturam
1308 1945 1405 2011 ›mul-

260 2052 332 2115 tum
353 2050 517 2118 laborem«
542 2052 695 2119 facillime
707 2053 786 2119 oriri
808 2053 950 2138 potuisse
962 2073 1068 2137 neque
1080 2050 1252 2137 ejusmodi
1266 2069 1403 2117 errorem

263 2155 365 2222 ullum
393 2155 428 2220 in
457 2155 619 2222 femininis
640 2177 700 2222 usu
722 2157 847 2234 venire,
877 2157 933 2222 sed
955 2159 1083 2222 tantum
1106 2157 1203 2222 modo
1225 2157 1263 2222 iu
1285 2176 1402 2222 mascu-

221 2289 222 2293 ’
260 2260 337 2326 linis
365 2263 399 2326 et
425 2263 549 2328 neutris
578 2263 659 2328 scite
687 2264 721 2328 et
742 2263 907 2349 eleganter
928 2262 1161 2328 demonstravit
1189 2261 1251 2328 cfr.
1275 2284 1307 2350 p.
1333 2259 1401 2326 194.

261 2365 435 2433 Permultis
456 2387 532 2434 vero
553 2368 707 2452 exemplis
728 2389 793 2432 uon
808 2367 903 2433 modo
918 2369 1026 2452 ipsum
1037 2365 1227 2432 Sallustium
1243 2367 1401 2433 sedetiam
1430 2387 1431 2418 i

260 2473 416 2539 sermonis
450 2474 519 2558 ejus
549 2475 729 2540 imitatores
760 2475 916 2559 adjectiva
946 2474 999 2539 vel
1031 2473 1227 2560 pr'onomina
1259 2471 1400 2539 neutrius

258 2579 386 2663 generis
415 2598 488 2643 oum
509 2577 659 2664 genitivis
680 2580 956 2646 substantivorum
977 2579 1174 2666 conjungere
1203 2579 1308 2645 solere
1330 2597 1401 2642 con·

260 2683 382 2748 firmari
410 2684 526 2769 potest.
581 2682 679 2768 Cujus
707 2684 946 2751 consuetudinis
975 2705 1169 2768 quamquam
1199 2682 1399 2750 Budstiibner
1429 2673 1430 2700 ³

260 2786 320 2854 »de
330 2786 475 2853 Sallustii
498 2789 624 2855 dicendi
646 2810 785 2875 genere«
808 2789 1073 2875 perueniunt
1095 2791 1228 2874 collegit
1245 2787 1398 2874 exempla,

259 2895 369 2960 tamen
390 2895 418 2958 is
440 2915 590 2960 numerus
612 2895 781 2981 permultis
803 2895 875 2960 aliis
897 2896 1008 2982 augeri
1034 2898 1150 2980 potest.
1428 2945 1429 2985 3

346 2999 378 3088 a)
401 2997 554 3084 adjectos
576 2999 643 3065 Cat.
668 3003 698 3080 6,
723 3004 742 3064 3
765 3001 918 3087 pleraque
940 3000 1134 3066 mortalium.
1176 3001 1226 3081 17,
1250 3001 1270 3066 2
1293 3001 1399 3086 pluru-

180 3186 182 3191 .
257 3125 345 3170 mum
368 3106 528 3171 audaciae.
573 3106 626 3184 42,
650 3109 669 3170 2
692 3106 765 3192 plus
786 3107 913 3173 timoris
934 3127 1031 3190 quam
1044 3105 1190 3191 periculi.
1223 3105 1298 3190 Jug.
1313 3103 1397 3182 21,2
1427 3143 1428 3182 ,

256 3210 322 3310 diei
353 3213 540 3277 extremum.
586 3211 682 3290 21,2
711 3212 900 3298 plerumque
930 3213 1045 3278 noctis.
1092 3214 1145 3291 31,
1169 3213 1211 3278 22
1242 3213 1396 3298 quantum
1427 3201 1428 3267 l

256 3315 514 3400 inportunitatis,
539 3315 624 3395 37‚4
645 3315 681 3382 in
702 3317 870 3402 praerupti
891 3317 1011 3383 montis
1034 3319 1187 3382 extremo.
1227 3318 1280 3396 42,
1297 3314 1397 3401 4plus

256 3420 383 3485 timoris
405 3442 501 3504 quam
522 3422 698 3506 potentiae,
721 3421 773 3499 44,
801 3423 816 3485 l
840 3422 913 3506 plus
934 3421 1146 3487 solicitudinis
1168 3443 1266 3505 quam
1289 3416 1393 3486 auxili.

257 3523 310 3604 44,
334 3524 355 3588 4
377 3527 534 3609 quantum
552 3525 718 3610 temporis.
763 3525 851 3603 51,2
875 3525 1014 3590 multum
1028 3525 1101 3591 diei.
1136 3525 1187 3605 75,
1203 3526 1224 3590 4
1239 3525 1394 3610 quantum

257 3629 443 3714 plurumum
475 3632 584 3714 potest
617 3631 750 3715 pecoris.
797 3629 852 3707 75,
883 3631 902 3694 5
935 3652 1032 3715 quam
1065 3628 1252 3715 plurumum
1284 3646 1391 3713 aquae·
1425 3671 1426 3698 l

258 3733 313 3812 78,
345 3734 367 3798 4
399 3734 508 3820 legum
541 3735 709 3820 cultusque
739 3735 903 3821 pleraque.
947 3735 999 3816 85,
1030 3735 1050 3799 3
1082 3737 1242 3820 quantum
1275 3730 1392 3819 negoti,

256 3838 308 3917 85,
330 3839 374 3904 40
401 3839 475 3924 plus
503 3839 627 3925 gloriae
650 3862 748 3924 quam
769 3839 964 3905 divitiarum.
1009 3838 1060 3916 99,
1087 3841 1102 3901 1
1134 3839 1265 3906 aestatis
1293 3839 1392 3904 extre·
1424 3885 1425 3896 ,

253 3963 353 4010 mum.
397 3944 450 4023 93,
481 3945 501 4009 2
533 3965 694 4010 summum
723 3947 853 4012 montis.
898 3946 951 4023 93,
984 3945 1006 4009 4
1034 3946 1151 4010 cuncta
1180 3945 1388 4032 gignentium.
1424 3945 1425 3968 .

255 4048 309 4128 98,
330 4049 349 4114 u
372 4048 562 4134 plerumque
583 4050 699 4115 noctis.
749 4050 851 4129 102‚8
875 4048 1027 4117 obfeusae
1049 4049 1238 4114 minumum.
1287 4045 1389 4124 1029

255 4151 472 4217 humanarum
483 4174 590 4218 rerum
602 4154 766 4240 pleraque.
802 4153 1243 4240 109.4plerumquenoetis.
1274 4151 1341 4219 Η.Ι
1354 4147 1391 4215 14
1423 4179 1424 4186 ³

253 4256 382 4320 tautum
423 4256 626 4342 antiquitatis
667 4278 835 4343 curaeque.
898 4257 915 4324 Ι
947 4258 992 4322 44
1031 4258 1217 4344 plurumum
1256 4254 1386 4324 timoris.

249 4357 397 4440 1141,7
426 4359 540 4427 Italiae
562 4362 744 4428 marituma.
791 4361 1109 4430 1177dieimsdi0.
1154 4359 1204 4428 111
1226 4362 1245 4428 6
1267 4360 1381 4428 relicua
1421 4349 1422 4352 ¹
