2926 4978
809 203 851 266 60

257 377 324 459 jam
357 376 390 439 in
422 375 562 439 carmine
592 374 648 437 illo
678 373 826 456 sepulcro
849 372 1008 456 Sorpronrs
1036 393 1138 437 rnerso
1168 372 1348 456 seriptum
1389 375 1418 432 ri

262 478 338 544 »heo
361 479 446 563 oepit
462 477 589 541 Corsica
614 476 789 561 Aleriaque
805 476 883 541 urbe
900 451 1124 560 pugniudod«‚
1148 497 1213 559 qua
1229 474 1418 540 sallustia

261 584 384 667 priseae
406 583 536 664 linguae
559 580 769 645 admiratione
792 579 935 643 imbutus
957 577 1064 659 tuerit,
1087 579 1251 642 illustrare
1267 579 1416 643 videtur.

730 830 806 916 Jng.
830 833 881 912 42,
906 832 936 899 4.

345 1008 501 1092 Soriptor,
524 1007 609 1071 unde
631 1027 701 1070 mos
722 1007 778 1068 ille
801 1008 944 1090 partium
967 1009 1000 1069 et
1021 1005 1200 1070 factionum
1223 1027 1259 1072 ae
1287 1008 1414 1072 deinde

260 1113 403 1178 omnium
426 1113 583 1176 malarum
605 1112 723 1174 artium
740 1109 894 1175 Romanis
916 1113 1006 1174 ortus
1030 1111 1082 1187 sit,
1105 1112 1214 1176 multis
1229 1113 1412 1180 disseruit:

256 1221 324 1303 jam
348 1239 415 1282 sese
439 1218 568 1282 revocat
590 1214 632 1280 ad
655 1217 867 1300 propositum.
915 1213 991 1279 »Set
1013 1215 1051 1280 de
1073 1217 1186 1280 studiis
1201 1219 1349 1300 partium
1378 1227 1412 1280 et

261 1325 364 1386 omnis
397 1322 538 1386 civitatis
570 1320 713 1384 moribus
743 1320 770 1382 si
800 1319 984 1401 singulatim
1014 1321 1070 1382 aut
1092 1341 1151 1404 pro
1174 1321 1411 1404 magnitudine

259 1448 370 1511 parem
392 1427 555 1506 disserere,
583 1428 710 1509 tempus
733 1435 901 1506 quam'res
922 1425 1080 1488 maturius
1102 1445 1153 1489 me
1176 1425 1335 1505 deseret«,
1360 1429 1411 1490 sie

259 1531 296 1595 P.
328 1533 360 1594 et
394 1531 539 1614 plerique
566 1527 610 1608 0.,
647 1528 807 1592 »deserat«
838 1529 890 1592 vel
924 1527 1122 1591 »desereret«
1153 1529 1260 1592 ceteri.
1309 1527 1408 1603 Quod

259 1634 444 1698 Dietsohius
465 1636 498 1696 et
520 1631 680 1696 Jordanus
701 1630 921 1708 indicativum,
943 1631 999 1714 qui
1022 1631 1217 1714 optimorum
1239 1631 1408 1696 librorum

259 1738 450 1801 auctoritate
479 1736 610 1813 nititur,
641 1735 806 1818 aspernati
836 1737 926 1812 sunt,
957 1756 1088 1819 prorsus
1118 1735 1236 1799 mirum
1259 1735 1404 1800 videtur.

258 1841 453 1906 Indioativus
475 1841 579 1916 enim,
613 1860 708 1923 quem
731 1839 861 1903 modum
884 1839 969 1922 apud
992 1835 1178 1903 Sallustium
1201 1841 1335 1924 saepius
1357 1843 1405 1904 ibi

258 1966 385 2028 quoque
408 1943 557 2020 inveniri,
580 1942 637 2006 ubi
659 1942 831 2006 secundum
845 1943 993 2026 vulgares
1015 1945 1298 2028 grammaticorum
1312 1946 1403 2030 leges

258 2049 481 2132 conjunctivus
511 2047 613 2130 magis
644 2046 730 2110 foret
760 2047 913 2123 usitatus,
948 2045 1150 2112 Badstdbner
1178 2049 1213 2111 in
1236 2069 1404 2114 commen-

258 2153 383 2217 tatione
405 2153 444 2216 de
467 2150 612 2216 Sallustii
634 2150 760 2214 dicendi
783 2171 898 2231 genere
920 2172 951 2232 p.
976 2151 1017 2213 39
1038 2154 1071 2214 et
1093 2149 1316 2215 Bussmannus
1346 2153 1401 2217 »de

258 2261 440 2339 temporum
473 2258 506 2319 et
540 2254 706 2317 modorum
737 2253 823 2337 apud
856 2252 1041 2316 Sallustium
1073 2277 1153 2318 usu«
1186 2278 1217 2339 p.
1249 2257 1269 2319 5
1299 2257 1400 2321 testes

258 2363 349 2437 suut,
379 2359 487 2424 Severi
515 2359 688 2422 imitatoris
720 2359 958 2422 accuratissima
979 2360 1187 2423 translatione
1208 2358 1290 2425 satis
1312 2361 1402 2426 defe-

258 2464 400 2528 fenditur
432 2461 487 2526 etr.
512 2463 593 2527 D.I
622 2463 711 2542 19,6
743 2462 817 2525 »sed
846 2482 896 2526 me
925 2462 991 2526 dies
1020 2466 1095 2526 ante
1126 2462 1268 2543 definiet,
1301 2486 1400 2548 quarn

258 2568 383 2630 diversa
415 2566 585 2645 miracula,
620 2586 702 2647 quae
736 2564 816 2627 mihi
847 2565 886 2645 de
913 2569 1094 2630 sanctorum
1118 2566 1294 2632 virtutibus
1322 2575 1403 2633 sunt

257 2673 421 2754 conperta,
446 2691 695 2733 consummem«.
740 2668 889 2732 Ceterum
911 2669 1117 2734 indicativum
1141 2671 1244 2752 illum,
1276 2674 1401 2758 quippe

258 2797 321 2859 quo
354 2797 420 2838 non
452 2775 568 2838 incerti
599 2774 720 2856 aliquid
749 2773 892 2852 modeste
914 2778 1127 2858 proponatur,
1158 2776 1212 2840 sed
1234 2777 1267 2840 id
1292 2779 1401 2862 ipsum
1452 2780 1455 2924 p

261 2879 507 2962 quodnarratur
528 2899 638 2942 rerum
660 2899 727 2942 esse
750 2899 809 2960 pro
826 2879 914 2942 certo
925 2878 1142 2959 confirmetur,
1164 2881 1402 2948 timoratiouis

259 2983 389 3066 egregie
412 3002 529 3066 augere
551 2981 664 3066 negari
686 3002 751 3044 non
774 2983 891 3064 potest.
1453 2931 1455 3062 l

693 3211 770 3296 Jug.
794 3213 844 3292 47,
872 3215 963 3277 1-2,

348 3379 447 3444 »Erat
478 3377 557 3444 haut
579 3379 672 3460 longe
695 3378 736 3441 ab
759 3401 796 3445 eo
820 3380 945 3461 itinere,
976 3405 1040 3466 quo
1062 3371 1211 3450 Metellus
1233 3390 1399 3473 pergebat.

259 3483 413 3565 oppidum
436 3481 661 3561 Numidarum,
685 3485 815 3548 nomine
837 3485 954 3563 Vacca,
976 3487 1084 3552 forum
1107 3511 1214 3556 rerum
1236 3494 1399 3558 venalium

258 3587 359 3653 totius
381 3587 474 3670 regni
497 3608 645 3652 maxume
667 3588 874 3667 celebratum,
898 3591 954 3654 ubi
977 3596 1011 3656 et
1032 3593 1173 3658 inoolere
1197 3598 1229 3660 et
1264 3601 1400 3663 mereari

259 3692 492 3758 consueverant
506 3690 612 3756 ltalioi
634 3693 761 3775 generis
776 3693 871 3756 multi
886 3695 1047 3762 mortales.
1096 3695 1168 3762 Huc
1178 3700 1288 3764 consul
1303 3702 1399 3766 simul

259 3795 439 3877 temptandi
461 3796 568 3880 gratia
591 3796 617 3858 si
639 3797 828 3878 paterentur
850 3800 883 3863 et
905 3798 946 3862 ob
969 3802 1206 3883 oportunitates
1228 3805 1291 3869 loci
1308 3828 1399 3890 prae-

260 3899 375 3963 sidium
399 3899 574 3982 inposuit«

344 4002 462 4081 Locus,
505 4025 600 4091 quem
633 4006 739 4068 totum
772 4005 972 4072 Dietsohium
1006 4011 1106 4076 secuti
1145 4015 1397 4099 perscripsimus,

257 4106 465 4175 difficillimus
487 4110 545 4171 est.
592 4105 739 4192 Namque
762 4111 799 4172 ut
820 4112 918 4176 verba
941 4113 1018 4178 »ubi
1041 4117 1074 4178 et
1095 4117 1236 4184 ineolere
1260 4122 1293 4184 et
1316 4143 1398 4185 mer·

256 4212 325 4276 oari
347 4213 579 4277 consueuerant
599 4211 705 4276 Italici
728 4214 855 4296 generis
877 4215 969 4278 multi
992 4220 1164 4284 mortales«
1188 4220 1294 4306 (quae,
1325 4245 1394 4288 eum

257 4315 291 4380 in
313 4315 361 4379 Po
382 4319 415 4380 et
430 4315 500 4381 Po¹
522 4317 611 4399 prior
633 4317 786 4382 infinitivi
810 4319 989 4386 »incolere«
1013 4323 1123 4386 littera
1147 4345 1202 4388 »e«
1232 4329 1393 4408 eraserit,
