2926 4978
424 495 429 507 ¹
481 407 541 488 §a
984 405 1179 491 Jug.71,2
1435 372 1456 461 l

230 566 292 605 cum
307 549 420 619 fatigata
430 549 514 603 animi
532 565 633 619 angore
651 549 678 601 in
691 550 775 602 lectu·
820 549 939 602 exercito
950 566 1065 619 corpore
1077 551 1162 604 sessus
1171 552 1199 606 in
1213 553 1285 604 lecto
1298 549 1375 618 quia·
1454 569 1455 588 ¹

230 620 776 690 lomembrapossuissem,utplernmqne
821 621 922 682 scebat,
942 621 990 674 nbi
1007 623 1124 691 cognitis
1144 621 1308 677 Bomilcaris
1334 622 1374 674 in·
1454 615 1456 744 ἱ

230 711 263 746 ex
287 693 480 747 mestitudine
497 693 579 760 solet,
597 709 707 745 somnus
725 692 775 746 ob·
822 691 991 760 sidiisprimo
999 710 1071 760 cura,
1084 693 1192 758 deinde,
1204 694 1245 747 uti
1254 709 1372 762 aegrum

231 765 316 834 repsit
821 763 942 816 animum
961 765 1031 817 solet
1049 781 1158 819 somnus
1176 766 1261 834 cepit,
1454 767 1455 774 ’

231 899 284 963 sed
308 900 403 963 etiam
428 921 510 982 qnae
532 897 616 982 apud
639 897 826 962 Sallustium
856 901 1049 982 sequuntur,
1081 901 1144 965 alio
1167 899 1277 964 Severi
1299 900 1375 964 loco

231 1003 331 1067 libere
354 1002 511 1066 translata
533 1002 609 1080 sint,
1454 1011 1456 1066 l

381 1189 456 1273 Jug.
482 1191 534 1267 71,
557 1190 654 1253 3-4.
978 1187 1012 1253 O.
1035 1188 1068 1252 ΙΙ
1093 1189 1143 1266 13,
1172 1194 1198 1253 1.

289 1333 359 1387 Erat
384 1332 410 1386 ai
426 1332 545 1387 Numida
567 1331 676 1400 quidam
696 1347 779 1401 nego·
846 1317 1087 1398 ⁸Quatempestate
1097 1332 1292 1387 Mardocheeus
1300 1335 1378 1388 inter

232 1405 333 1459 tiorum
356 1407 488 1470 sumator,
511 1402 581 1458 fidus
599 1407 779 1472 acceptusque
825 1403 967 1470 proximos
985 1403 1059 1470 regis
1077 1408 1147 1465 erat,
1166 1421 1216 1472 pro
1230 1404 1301 1458 virili
1312 1423 1378 1474 pnr-

232 1479 261 1530 et
272 1474 393 1529 omnium
405 1475 581 1528 consiliorum
596 1475 649 1528 nisi
659 1475 778 1528 novissu-
825 1473 900 1527 tione
927 1473 1100 1540 negotiorum
1124 1474 1296 1529 familiarium
1328 1494 1375 1530 en-

231 1546 585 1615 r

1333 1661 1340 1688 l

232 1781 298 1822 non
329 1759 529 1834 dubitamus,
561 1758 641 1841 quin
663 1759 762 1822 verba
793 1744 988 1838 »somnoque
1012 1756 1154 1819 excitus«
1179 1777 1196 1819 e
1219 1754 1375 1821 Sallustio

232 1864 400 1945 desumpta
429 1864 504 1925 sint.
549 1863 664 1949 Itaque
694 1861 817 1925 codices
845 1863 971 1924 nostros
994 1858 1209 1924 Sallustianos
1241 1882 1375 1945 prorsus

232 1968 376 2047 integros
397 1987 465 2028 esse
487 1965 673 2039 statuimns3
697 1964 883 2028 Diomedem
901 1964 1021 2039 autem,
1044 1985 1240 2048 quemquam
1252 1963 1374 2029 Severo

231 2071 386 2153 librisque
420 2067 552 2132 Sallusti
585 2071 744 2133 vetustate
782 2066 966 2152 praecellit,
1005 2067 1263 2151 posthabendum
1297 2091 1376 2148 esse,

233 2176 353 2261 qnippe
362 2175 418 2257 qui
428 2196 465 2237 ea
475 2196 556 2257 qnae
568 2175 853 2257 grammaticorum
865 2172 995 2236 illorum
1008 2173 1139 2256 propria
1154 2172 1218 2238 fuit
1229 2175 1376 2238 socordia

233 2282 330 2362 atque
353 2277 568 2361 indiligentia,
590 2277 626 2341 in
638 2275 791 2340 Sallustio
803 2275 963 2340 laudando
975 2279 1119 2340 versatus
1136 2298 1203 2342 esse
1215 2279 1373 2342 videatur.

690 2506 765 2590 nug.
787 2507 837 2585 ss,
861 2507 913 2571 47.
948 2577 951 2586 ,

319 2691 354 2762 (l.
370 2693 501 2774 Marius,
524 2697 561 2756 ut
580 2695 783 2778 juventutem
803 2693 953 2757 militaris
975 2694 1090 2758 aetatis
1105 2694 1256 2759 accendat
1275 2715 1373 2777 »ego-

231 2799 328 2875 met«,
352 2800 407 2877 ait,
433 2799 487 2862 »in
507 2800 635 2882 agmine
651 2800 708 2861 ant
730 2799 763 2861 in
780 2797 903 2882 proelio
926 2799 1098 2862 consultor
1112 2799 1197 2862 idem
1216 2800 1249 2861 et
1269 2799 1374 2861 socius

120 2949 121 2954 η
232 2901 381 2986 periculis
404 2903 568 2966 vobiscum
591 2903 719 2966 adero«.

318 3003 436 3068 Utrum
458 3005 502 3070 Vi
534 3005 729 3090 scripturam
765 3005 976 3088 »periculis«,
1010 3026 1052 3068 an
1089 2990 1264 3088 »periculi«
1299 3003 1374 3067 reli·

231 3128 368 3189 qnorum
391 3106 534 3171 codicum
556 3128 663 3172 seram
687 3128 753 3171 esse
776 3109 996 3172 existimemus
1018 3107 1223 3191 dijudicaturi
1244 3109 1286 3171 ab
1301 3108 1375 3171 imi-

231 3210 392 3274 tatoribus
415 3210 629 3275 destituimur.
674 3210 811 3276 Severus
834 3212 930 3293 enim,
952 3212 1009 3294 qui
1031 3206 1069 3275 ds
1092 3211 1187 3290 libro,
1214 3231 1310 3294 quem
1331 3212 1373 3276 de

231 3312 298 3377 vita
329 3312 439 3377 Sancti
470 3313 606 3378 Martini
646 3316 894 3399 conscripserat,
936 3313 1181 3378 Postumianum
1214 3313 1374 3397 quendam

230 3419 416 3501 loquentem
436 3419 531 3482 iacit:

404 3523 444 3588 D.
468 3523 493 3586 Ι.
518 3523 569 3602 23,
599 3523 618 3584 2
651 3521 722 3586 »hic
743 3520 823 3585 mihi
845 3524 933 3584 terra
955 3541 991 3583 ae
1015 3521 1097 3584 mari
1121 3542 1237 3601 comes,
1261 3522 1314 3586 hic
1335 3521 1371 3584 in
1452 3569 1453 3600 ,

404 3627 666 3710 peregrinatione
688 3627 759 3689 tota
781 3623 885 3689 socius
907 3627 940 3688 et
962 3624 1144 3689 consolator
1165 3624 1260 3704 fuit«,

229 3730 364 3812 nullum,
394 3730 480 3813 quod
502 3729 699 3794 Sallustiana
721 3729 771 3793 illi
795 3728 979 3812 »periculo«
1004 3729 1204 3812 respondeat,
1239 3727 1373 3793 exhibet

230 3833 475 3898 substantivum.
522 3833 585 3898 Sed
611 3833 698 3898 idem
729 3833 783 3897 ille
806 3854 916 3898 vocem
939 3833 1145 3897 »consultor«
1167 3832 1280 3897 falsam
1303 3855 1372 3898 esse

230 3938 439 4003 demonstrat.
485 3937 633 4002 Absurde
656 3938 742 4001 enim
765 3935 885 4000 Marius
907 3936 1075 4014 militibus,
1098 3958 1131 4001 se
1153 3937 1371 4002 consultorem

229 4042 269 4106 iis
291 4040 370 4121 fore,
394 4043 567 4126 promittit,
590 4041 623 4106 id
650 4041 736 4106 enim
761 4041 840 4106 adeo
861 4038 1032 4123 cujuslibet
1053 4040 1142 4105 ducis
1170 4043 1232 4117 est,
1262 4044 1299 4105 ut
1319 4040 1370 4104 vel

230 4145 362 4211 minime
396 4147 520 4210 animos
554 4146 694 4210 militnm
725 4144 941 4229 promptiores
972 4145 1012 4208 sd
1041 4143 1226 4210 bellandum
1248 4145 1371 4220 reddat,

229 4247 357 4312 etiamsi
379 4249 505 4326 diserte,
537 4270 570 4312 se
593 4248 655 4313 hoc
678 4248 919 4334 praestiturum,
949 4247 1150 4332 polliceatur.
1198 4247 1288 4324 Quod
1311 4247 1372 4312 im-

230 4355 359 4435 perator
383 4354 419 4415 nt
441 4351 578 4431 efficiat,
609 4351 769 4416 artissima
793 4354 937 4416 omnium
960 4351 1106 4415 laborum
1129 4354 1296 4429 societate,
1324 4354 1371 4416 ita
