2926 4978
792 305 879 372 10·

345 462 421 534 Sall.
445 469 517 556 Jug.
729 479 813 546 Diet.
837 483 888 546 Or.

261 700 293 785 1)Ι
305 702 351 770 qui
362 704 410 758 ubi
420 706 539 790 primurn
547 705 614 790 'aio-
642 714 655 768 1
674 717 706 770 14
723 713 768 770 bie
786 715 815 769 in
827 716 922 786 primis
932 718 995 773 adn·

242 772 324 832 lev1l·
360 777 466 860 pollens
502 779 769 842 ambuslescentiae
787 789 877 855 annis,
901 807 995 860 proca·

241 842 338 900 deeora
358 847 441 932 facte,
465 853 510 933 set
528 851 613 905 mullo
625 877 679 928 rus,
698 860 884 931 decorasseie,
904 863 995 918 studio

240 933 366 973 maxume
380 937 490 991 ingemo
500 923 613 1005 validus,
625 947 713 984 rerum
726 931 887 986 bellicarum
903 951 996 989 omnes

242 1004 297 1071 non
325 1007 354 1044 se
376 993 441 1046 luxu
464 1010 550 1062 nequa
575 1003 679 1070 rn-jam
706 1007 765 1056 tum
789 1004 889 1059 virtute
915 1010 996 1075 atque

242 1065 326 1144 entiae
380 1065 612 1149 eonrurnpendum
625 1073 711 1142 gloria
729 1077 887 1146 superabat,
909 1094 996 1147 neque

242 1130 327 1216 dedit,
354 1139 395 1189 set
418 1141 551 1206 equuare,
574 1155 613 1220 Ju·
625 1151 717 1199 tamen
735 1147 830 1200 aberat
845 1148 880 1202 ab
904 1165 937 1204 eo
956 1151 995 1204 vis

241 1203 420 1270 Oulfflscllrflu
430 1225 491 1262 cum
499 1210 614 1277 aequab-
625 1217 757 1286 quaedam
789 1218 943 1274 inconsulta
968 1227 997 1274 et

242 1273 293 1328 bne
310 1283 446 1358 ‚nemra
489 1283 517 1334 et
553 1297 614 1334 cum
625 1287 706 1344 effera
715 1305 822 1344 morum
835 1291 995 1360 inpatientia

242 1362 331 1400 omnis
368 1351 456 1418 gloria
492 1351 614 1416 anteiret,

241 1419 614 1488 omnibustamenaarusessa

242 1489 277 1544 ati
295 1492 348 1546 hoc
366 1497 411 1548 eet

260 1564 366 1630 pollens
384 1565 496 1633 viribus,
515 1566 614 1622 decora
640 1571 996 1646 114proaeruseorporeaa

242 1629 319 1698 facie,
336 1639 379 1690 set
389 1639 475 1692 multo
489 1656 613 1694 maxume
625 1645 728 1714 pollens
747 1646 848 1701 viribus

242 1703 352 1833 {ibgegio
370 1709 474 1764 validus
489 1710 537 1765 cfr.
555 1711 612 1766 (lat.

278 1818 285 1846 i

260 1866 341 1904 eursu
368 1869 430 1907 cum
457 1855 613 1923 aequalibus
641 1860 682 1914 111
702 1862 735 1914 19
753 1876 831 1916 eumn
843 1861 927 1931 longo
939 1878 995 1918 aer·

242 1925 347 2004 certare
624 1932 746 1987 lantibus

259 2009 364 2077 prrmus
390 1999 437 2050 aut
463 1996 492 2050 in
518 1996 614 2068 primis
641 2004 668 2058 II
697 2006 712 2058 3
740 2003 822 2073 primi
848 2006 895 2058 aut
925 2004 996 2060 inter

239 2061 321 2120 ferire
624 2076 726 2146 primos
744 2075 877 2132 bellantes

254 2139 613 2211 3-7,1)tarrebateum...,

242 2209 612 2272 adhoastudiallumidarum

241 2280 271 2336 in
293 2283 457 2355 Juguaham
482 2289 611 2343 adcensa:

243 2358 391 2425 exquibus,
402 2361 515 2416 sitalem
525 2362 612 2416 virum

241 2427 312 2482 dolis
321 2431 509 2500 interfecisset,
518 2453 552 2490 ne
561 2452 613 2505 qua

241 2499 339 2556 seditio
364 2508 410 2558 aut
432 2506 535 2562 ballum
561 2507 613 2560 ori·

241 2577 317 2626 retur
343 2577 437 2630 anxius
462 2582 530 2632 erat.
565 2579 612 2632 Eis

240 2642 446 2703 difficultatibus
499 2651 613 2705 circum·

240 2722 335 2773 ventus
360 2721 408 2776 ubi
429 2722 505 2777 videt
527 2739 613 2791 neque

240 2803 292 2855 per
315 2791 370 2845 vim
398 2810 485 2863 neque
509 2795 614 2849 insidiis

243 2861 360 2932 obprimi
378 2883 458 2936 posse
476 2867 614 2922 hominem

242 2935 299 2989 tam
317 2943 460 3007 acceptum
478 2939 615 3009 populari-

242 3005 301 3070 bus,
320 3011 392 3078 quod
411 3011 615 3082 eratJugurtha

242 3095 325 3134 mann
349 3085 493 3151 promptus
516 3086 545 3136 at
568 3082 615 3136 atl-

241 3157 337 3221 petens
360 3154 463 3221 gloriae
481 3154 615 3218 militaris,

242 3224 337 3278 statuit
351 3241 411 3278 eum
421 3225 559 3295 objectare
569 3243 612 3294 pe·

242 3295 334 3351 riaulis
359 3300 388 3350 et
411 3314 442 3351 ao
461 3296 544 3352 modo
562 3298 615 3352 ior·

241 3369 334 3421 tunam
354 3371 490 3436 temptare

260 3438 289 3506 3)
307 3456 439 3509 praeceps
457 3440 493 3495 ad
505 3440 615 3510 explan·
642 3436 681 3492 Ia
692 3435 819 3507 cupidine
829 3437 912 3493 animi
921 3455 997 3510 prae·

242 3509 308 3566 dam
325 3512 409 3566 animi
427 3511 583 3582 cupidinem
625 3527 690 3580 ceps

260 3583 435 3653 spepraadae
447 3589 614 3641 transversos
642 3583 690 3636 17
712 3580 913 3652 praebeatque
934 3582 997 3638 libi-

241 3654 300 3710 a't
364 3713 368 3724 ,
625 3654 689 3710 dine
707 3658 808 3710 transv.
827 3656 978 3725 agebantur

263 3797 288 3866 1)
306 3799 364 3853 tam
373 3801 516 3868 aaeeptum
530 3814 615 3872 popu·
642 3797 681 3853 1v
706 3799 722 3851 9
753 3799 880 3866 aceeptus
913 3812 997 3867 popu·

240 3867 343 3924 laribus
625 3868 726 3924 laribus

260 3940 332 4010 quod
356 3943 416 3996 arat
435 3977 466 3996 ..
489 3980 496 3995 .
521 3941 616 3997 statuit
643 3938 998 4012 Itquoderat...aulart

261 4014 289 4080 2)
317 4027 428 4082 sperans
454 4013 498 4069 vel
526 4017 615 4069 osten·

242 4081 327 4140 tando
339 4084 469 4139 virtutem
478 4085 521 4140 vel
532 4085 614 4140 hosti·

243 4173 289 4210 um
314 4154 426 4211 saevitia
448 4155 527 4210 facile
554 4173 614 4211 enm

243 4243 402 4282 oaaasnrnm
420 4227 552 4296 praefecit
560 4227 616 4284 Nu-

241 4298 322 4354 midis
341 4315 408 4368 quos
418 4297 447 4353 in
456 4299 613 4369 Hispaniam

240 4370 378 4426 mittebat.
416 4372 442 4440 8)
460 4370 508 4427 Set
521 4387 555 4426 aa
571 4388 614 4426 ras

238 4441 321 4514 longe
339 4441 543 4500 attenuaratns
554 4446 613 4500 arat

1133 488 1164 554 S.
1188 488 1258 556 Sev.

1024 1569 1133 1634 01116,
1145 1573 1158 1626 1
1171 1571 1272 1643 insigni
1280 1572 1382 1643 speeie,

1006 1642 1054 1698 sed
1071 1643 1193 1700 moribus
1205 1661 1287 1714 quam
1301 1645 1382 1702 vultu

1007 1715 1138 1770 illustrior

1025 2143 1073 2200 01
1091 2147 1135 2208 34,
1154 2143 1170 2197 6
1189 2144 1290 2199 multus
1306 2142 1383 2200 eirea

1008 2215 1095 2273 David
1128 2215 1204 2270 lavor
1246 2216 1381 2270 invidiam

1007 2289 1078 2358 regis
1091 2288 1259 2344 accenderat.
1279 2288 1382 2342 timens

1008 2367 1097 2416 autern
1115 2365 1172 2414 tam
1190 2376 1283 2413 aarum
1293 2361 1383 2414 omni·

1007 2433 1057 2488 bus
1076 2449 1137 2487 eam
1154 2431 1257 2485 invidia
1273 2435 1302 2484 et
1318 2449 1383 2500 per·
1456 2465 1457 2468 =

1008 2506 1077 2561 nicia
1101 2520 1212 2568 necare,
1240 2503 1383 2572 objectare

1009 2594 1070 2632 eum
1087 2575 1214 2647 perieulis
1231 2575 1326 2630 statuit

1030 4003 1051 4060 0
1072 4005 1095 4059 1.
1114 4004 1159 4058 at.
1177 4005 1194 4057 7
1213 4016 1246 4056 aa
1260 3999 1379 4070 primum

1008 4077 1148 4132 tribunum
1178 4090 1240 4128 aum
1271 4072 1381 4140 fenerat,

1007 4153 1037 4205 nt
1052 4163 1109 4203 rem
1121 4145 1248 4201 bellicam
1258 4148 1379 4199 curaret:

1007 4220 1071 4276 inde
1090 4236 1139 4271 -ε
1158 4217 1288 4288 sperabat
1306 4215 1379 4270 enim

1003 4295 1133 4365 juvenem
1158 4288 1312 4360 periculosa
1336 4305 1381 4342 au-

1006 4366 1117 4420 dentem
1133 4359 1213 4417 iaeila
1222 4359 1381 4432 periturum.

1005 4437 1054 4493 sed
1071 4435 1154 4506 longa
1170 4434 1251 4490 aliter
1263 4436 1379 4492 aeratus

1447 4441 1457 4592 l
