2926 4978
621 266 663 332 63

56 464 141 506 vera
172 438 363 526 accipiundi.
408 436 456 501 IV
480 433 521 504 73
543 437 658 501 consili
681 459 787 521 aeger.
831 435 1210 509 Diet.0r.111700n-

57 547 176 608 tentus
206 565 327 609 eorum.
375 539 468 605 1116
502 540 653 623 egregius
680 537 833 604 bellandi.
877 541 926 606 III
949 545 989 609 15
1012 541 1140 611 hostem
1163 569 1213 612 se-

63 671 183 714 curum
203 648 252 713 sui
276 646 465 731 praevortit.
510 643 558 708 Ill
581 644 622 707 27
644 665 776 710 securus
794 645 863 728 jam
885 647 980 712 filiae.
1025 649 1074 715 IV
1089 652 1129 714 13
1143 651 1212 716 viro

62 754 202 838 egregio
233 749 387 815 bellandi.
439 746 486 811 IV
515 749 552 812 15
588 747 733 812 inclitam
765 747 918 814 bellandi.
963 751 1036 818 V9
1066 775 1213 818 securum

62 859 120 921 sui
145 857 414 937 secretorumque.
460 850 507 916 VI
530 851 571 915 15
593 853 754 916 invalidus
779 854 906 918 virium.

158 975 278 1044 &Sca
301 974 334 1040 C.
359 974 431 1056 12,
466 979 483 1036 7
519 972 651 1055 originis
683 973 861 1056 degeneres.
904 973 936 1037 II
956 976 991 1054 4,
1021 978 1041 1040 6
1072 975 1215 1042 insolens

65 1081 217 1166 parendi.
260 1080 295 1144 II
321 1078 413 1156 13,5
445 1098 563 1160 anceps
594 1077 732 1142 consilii.
776 1077 890 1156 1146,
920 1081 939 1142 4
976 1080 1151 1145 disserendi
1180 1103 1216 1146 ac

67 1185 258 1270 disputandi
280 1183 550 1268 promptissimus.
596 1180 704 1263 1146,
727 1183 748 1245 4
767 1183 879 1248 utendi
902 1184 1116 1267 parcissimus.

544 1495 621 1580 Jug.
646 1497 696 1573 72,
720 1496 749 1560 2.

166 1721 358 1806 Jugurthae,
388 1721 568 1788 Bomilcare
598 1723 735 1805 aliisque
742 1771 751 1805 ,
780 1745 861 1806 quos
884 1726 1048 1808 suspectos
1071 1723 1220 1801 habebat,

76 1827 256 1892 interfectis

169 1969 292 2032 »neque
314 1946 382 2011 dies
404 1949 461 2010 ant
483 1968 547 2011 nox
569 1948 636 2011 ulla
658 1949 769 2031 quieta
789 1947 869 2013 fuit:
894 1971 997 2035 neque
1020 1951 1092 2014 loco
1116 1971 1221 2033 noque

78 2052 213 2116 mortali
243 2051 392 2132 cuiquam
424 2053 481 2114 aut
511 2052 649 2132 tempori
681 2053 758 2115 sctis
782 2052 925 2132 credere,
959 2054 1037 2130 civis
1058 2051 1223 2135 hostisque

75 2157 173 2239 juxta
201 2156 360 2230 metuere,
394 2154 660 2238 circumspectare
689 2156 798 2219 omnia
828 2159 861 2220 et
890 2158 977 2221 omni
1008 2157 1146 2241 strepitu
1167 2177 1224 2239 pa-

79 2278 218 2334 vescere,
242 2257 304 2322 alio
326 2259 423 2340 atque
446 2259 509 2322 alio
528 2260 611 2335 loco,
634 2279 729 2343 saepe
753 2262 865 2322 contra
877 2259 973 2324 decus
988 2260 1114 2344 regium
1126 2261 1224 2324 noctu

81 2361 293 2458 requiescere,
316 2361 481 2425 interdum
504 2383 617 2425 somno
641 2363 764 2426 excitus
778 2362 920 2446 adreptis
935 2364 1033 2426 armis
1051 2362 1225 2426 tumultum
1299 2395 1302 2402 =

81 2451 209 2531 facere:
230 2467 277 2529 ita
299 2465 471 2529 formidine
494 2465 587 2548 quasi
609 2465 759 2530 vecordia
781 2467 970 2550 exagitari«.

171 2587 199 2650 F.
231 2585 394 2651 codicibus
418 2585 451 2649 O.
485 2586 632 2670 plerique
666 2588 699 2650 et
732 2587 835 2670 prima
857 2586 896 2650 Pi
925 2608 1039 2650 manus
1071 2587 1226 2651 exhibent

84 2712 219 2756 »somno
256 2690 418 2764 excitus‹;
462 2691 659 2754 »exercitus«
694 2689 751 2764 P.;
788 2691 986 2754 ›excitatus‹
1018 2690 1052 2755 D.
1090 2691 1227 2774 reliqui;

84 2797 329 2878 »experrectus«
375 2793 546 2856 Diomedes
580 2816 611 2876 p.
645 2793 719 2856 376.
770 2791 808 2856 In
846 2790 906 2856 hac
943 2795 1036 2856 tanta
1073 2793 1228 2858 librorum

81 2899 242 2963 varietate
275 2897 331 2979 qui
362 2895 496 2961 Sallusti
531 2917 628 2980 opera
667 2896 701 2959 in
735 2916 828 2958 usum
861 2896 1027 2979 publicum
1060 2896 1229 2961 ediderunt

83 3002 205 3087 partim
227 3000 370 3064 codicum
387 2999 565 3065 lectionem
590 3000 764 3076 »excitus«,
789 3022 828 3064 ex
843 3021 906 3083 qua
923 3001 1101 3083 scripturae
1119 3021 1229 3065 »exer-

84 3107 189 3170 citus«
214 3107 248 3169 et
272 3105 470 3168 »excitatus«
496 3103 660 3188 profectae
691 3125 757 3168 esse
781 3104 944 3180 videntur,
980 3104 1119 3187 amplexi
1142 3105 1228 3181 sunt,

85 3211 207 3295 partim
241 3211 372 3293 propter
401 3207 604 3287 Diomedem,
640 3209 695 3291 qui
731 3207 817 3271 vocis
848 3212 1090 3292 »experrectus«
1123 3210 1229 3293 gratia

84 3317 193 3380 locum
223 3313 356 3377 Sallusti
389 3313 516 3394 laudat,
549 3332 660 3377 omnes
693 3312 818 3377 codices
851 3314 1019 3396 corruptos
1053 3334 1119 3376 esse
1145 3312 1231 3395 judi-

84 3421 249 3484 caverunt.
293 3415 364 3492 Quo
399 3416 433 3480 in
466 3437 599 3482 numero
630 3413 812 3480 Dietschius
843 3416 1139 3480 commemorandus
1170 3418 1228 3493 est,

85 3545 127 3587 ex
156 3521 221 3585 illis
242 3520 424 3597 Jordanns,
451 3519 515 3603 ,qui
548 3518 628 3583 mihi
661 3518 789 3602 quidem
814 3519 970 3582 veriorem
999 3519 1159 3583 rationem
1180 3520 1230 3582 in·

88 3646 219 3709 gressus
243 3645 311 3687 esse
332 3622 467 3688 videtur.

174 3744 322 3830 Namque
335 3746 362 3809 si
376 3744 527 3812 Severum
541 3745 575 3807 iu
587 3743 742 3828 epistolae
755 3744 887 3808 alterius
900 3743 1104 3828 paragrapho
1116 3743 1232 3827 quinta

264 3867 419 3952 »evigilot
452 3887 628 3950 somnoque
662 3867 785 3930 excitus
816 3865 1036 3950 congratulari
1065 3886 1232 3950 coeperam

262 3992 411 4035 vrs1on1«.

174 4091 363 4160 Sallustium
389 4094 465 4156 ante
488 4091 597 4157 oculos
620 4090 771 4155 habuisse
794 4090 1008 4155 demonstrari
1022 4094 1139 4174 potest,
1158 4091 1231 4173 jure

85 4198 198 4264 nostro
229 4197 422 4282 scripturam
454 4197 616 4260 »excitus«
652 4197 767 4259 contra
800 4193 987 4260 Diomedem
1017 4192 1231 4259 defendemus.

84 4301 161 4366 Jam
190 4321 263 4365 cum
293 4320 360 4365 non
390 4300 484 4365 modo
516 4300 550 4363 in
579 4299 734 4384 epistolae
757 4296 948 4363 Seuerianae
976 4297 1071 4361 initio
1092 4297 1232 4361 imitatio

86 4405 220 4470 Sallusti
244 4405 394 4489 denegari
416 4425 483 4468 non
506 4403 619 4487 possit,
