2926 4978
797 179 838 244 58

243 347 485 430 aspernabatur.
533 348 605 425 5‚5
640 349 765 414 animus
794 350 957 434 cupiebat.
1002 352 1097 432 20,3
1127 355 1255 419 animus
1288 376 1414 418 ausus

244 452 301 513 est.
347 452 399 531 31,
430 452 450 515 4
483 452 610 515 animus
644 451 802 517 movebat.
849 453 908 531 51,
943 457 961 516 2
996 456 1121 520 animus
1152 459 1299 541 providit
1354 457 1416 542 (sie

245 555 329 619 enim
352 557 392 622 ad
409 556 653 640 congruentiam
667 579 739 621 cum
752 559 899 642 proximo
915 557 1058 642 perfecto
1071 563 1218 644 gnomieo
1235 566 1414 646 »paruit«

243 661 475 725 restituendam
505 659 709 725 scribendum
739 662 889 740 videtur).
944 663 1018 747 Jug.
1049 667 1106 743 22,
1141 667 1160 729 3
1194 688 1258 750 quo
1297 668 1414 750 plura

245 765 374 828 strenue
402 763 547 841 fecisset,
578 786 616 828 eo
636 766 780 829 animum
804 767 909 831 minus
930 768 1078 833 tolerare.
1125 769 1177 848 31,
1208 771 1228 832 4
1258 771 1414 832 animus

244 865 377 949 subigit.
431 867 488 945 54,
521 868 542 932 4
579 889 643 950 quo
677 869 831 952 cujusque
865 869 991 935 animus
1023 869 1103 950 fert,
1138 892 1175 935 eo
1208 871 1410 937 discedunt

244 968 351 1052 Igitur
386 992 459 1035 cum
494 972 632 1035 activam
669 973 758 1036 vocis
793 973 958 1038 »animus«
1002 975 1197 1039 structuram
1230 973 1411 1040 Sallustio

245 1071 530 1139 familiarissimam
564 1097 630 1142 esse
657 1076 798 1155 eluceat,
830 1077 926 1142 lectio
952 1079 1097 1142 »animus
1118 1079 1287 1162 rapiebat«
1317 1102 1408 1145 con·

246 1179 408 1243 suetudini
449 1181 615 1264 scriptoris
657 1203 788 1265 prorsus
820 1183 980 1246 convenit.
1036 1181 1124 1258 Quae
1156 1183 1323 1267 scriptura
1371 1206 1410 1248 eo

246 1305 373 1367 quoque
397 1284 571 1368 efflagitari
595 1284 731 1364 videtur,
754 1287 840 1369 quod
863 1285 1038 1370 Septimius

414 1390 431 1454 I
453 1392 475 1455 4
497 1395 551 1456 »et
572 1414 767 1477 quamquam
790 1395 945 1458 atrocitas
968 1393 1044 1458 laeti
1066 1395 1106 1458 ad
1128 1395 1407 1479 indignationem

420 1499 587 1584 ultumque
616 1501 752 1584 injurias
779 1501 941 1585 rapiebat,
974 1504 1084 1567 tamen
1104 1524 1144 1566 ex
1168 1502 1292 1568 consilii
1320 1524 1406 1568 sen·

416 1605 520 1668 tentia
541 1605 693 1689 legantur
716 1605 804 1689 prius
827 1606 868 1670 ad
891 1605 1021 1690 Trojam
1044 1605 1080 1670 P.
1105 1605 1157 1670 Ul.
1181 1608 1214 1670 et
1235 1605 1302 1670 Μ.«

125 1751 129 1760 .
246 1707 386 1789 ejusdem
421 1708 511 1772 verbi
546 1730 698 1793 ›rapere‹
734 1710 840 1773 activo
875 1730 993 1793 genere
1027 1711 1139 1774 utitur.
1194 1709 1403 1794 Septimium

246 1812 364 1888 autem,
398 1833 461 1894 qua
482 1812 696 1886 inimitaudo
720 1811 873 1878 Sallustio
896 1815 1018 1879 versari
1041 1814 1124 1904 solet
1146 1813 1331 1898 diligentia,
1373 1815 1403 1878 si

249 1914 395 1978 »animus
418 1913 623 1999 rapiebatur«
648 1916 690 1979 ab
712 1937 749 1980 eo
772 1917 928 2002 seriptum
951 1917 1091 2001 legisset,
1117 1919 1170 1980 »et
1192 1937 1399 2000 quamquam

246 2018 416 2082 atrocitate
450 2019 579 2083 sceleris
607 2066 646 2082 ..
673 2069 680 2083 .
713 2021 942 2106 rapiebantur«
974 2021 1171 2106 scripturum
1200 2018 1297 2085 luisse
1331 2043 1401 2108 pro

247 2125 335 2186 certo
356 2121 519 2188 habemus.

332 2225 446 2310 Neque
468 2249 597 2312 prorsus
606 2227 753 2292 dissimili
768 2227 894 2292 ratione
909 2229 1075 2311 proximus
1090 2228 1178 2291 locus
1194 2228 1394 2292 tractandus

248 2329 383 2394 videtur.

709 2465 783 2550 Jug.
808 2467 859 2546 39,
883 2467 912 2531 5.

333 2648 445 2713 Sermo
467 2653 516 2714 est
538 2651 576 2714 de
591 2650 708 2736 Spurio
721 2651 851 2727 Albino,
874 2651 965 2734 cujus
985 2647 1118 2714 fratrem
1135 2647 1253 2712 Aulum
1268 2647 1392 2713 Postu·

248 2754 347 2818 mium
369 2752 532 2837 Jugurtha
553 2756 675 2820 vicerat
697 2757 880 2838 victumque
903 2755 1034 2817 miserat
1057 2751 1117 2816 sub
1136 2754 1263 2837 jugum.

335 2855 529 2942 »Postquam
561 2880 598 2922 eo
627 2859 674 2943 (in
699 2856 855 2944 Africam)
878 2857 985 2935 veuit,
1019 2878 1214 2941 quamquam
1237 2858 1391 2940 persequi

245 2961 442 3046 Jugurtham
463 2964 497 3026 et
518 2962 637 3026 mederi
659 2963 822 3027 fraternae
837 2961 976 3026 invidiae
988 2960 1095 3024 auimo
1109 2959 1252 3039 ardebat,
1275 2961 1393 3045 cogni-

246 3065 290 3128 tis
313 3065 479 3144 militibus,
502 3087 582 3150 quos
605 3069 731 3149 praeter
752 3065 861 3150 lugam
883 3065 989 3130 soluto
1004 3063 1129 3147 inperio
1144 3064 1277 3129 licentia
1290 3067 1391 3148 atque

246 3169 378 3232 lascivia
400 3171 610 3254 conruperat,
642 3191 680 3236 ex
710 3171 803 3254 copia
833 3188 942 3234 rerum
971 3169 1087 3234 statuit
1109 3168 1172 3232 sibi
1201 3168 1286 3232 nihil
1318 3171 1392 3253 agi-

247 3273 412 3337 tandum«

333 3377 404 3442 Hoc
434 3377 522 3458 loco,
553 3399 748 3462 quamquam
778 3377 894 3461 optimi
920 3375 996 3442 libri
1028 3375 1205 3442 ablativum
1237 3375 1388 3440 ›animo‹

247 3480 331 3544 tueri
353 3481 516 3558 videntur;
547 3481 778 3547 consuetudine
800 3483 910 3544 tamen
933 3478 1131 3544 Sallustiana
1152 3479 1389 3562 nominativum

251 3587 428 3668 »animus«,
451 3587 506 3670 qui
529 3583 657 3670 quidem
680 3587 715 3651 in
736 3585 829 3650 libris
851 3584 1017 3649 nonnullis
1031 3583 1206 3660 invenitur,
1229 3585 1386 3666 postulari

247 3709 287 3751 ex
314 3689 363 3768 iis,
392 3711 473 3772 quae
503 3711 602 3774 supra
623 3689 820 3754 acutulimus
843 3688 1007 3772 exemplis,
1032 3687 1127 3771 plane
1150 3687 1263 3752 elucet.
1310 3685 1387 3762 Qui·

248 3792 308 3855 bus
331 3791 440 3856 Severi
462 3793 637 3858 imitatoris
660 3793 816 3858 accedunt
838 3791 933 3856 haec:
957 3790 992 3856 C.
1015 3789 1030 3854 Ι
1052 3791 1082 3870 4,
1107 3792 1127 3854 3
1150 3791 1296 3875 persequi
1319 3793 1386 3856 ani-

249 3918 319 3960 mus
351 3918 418 3961 nou
449 3897 529 3975 fuit,
561 3895 596 3961 0.
620 3898 637 3962 Ι
659 3898 710 3979 10,
740 3897 758 3960 7
791 3899 916 3962 animus
945 3894 1150 3960 abhorrebat.
1195 3893 1228 3958 Ο.
1252 3894 1269 3958 Ι
1295 3895 1386 3974 14,6

248 4003 374 4066 animus
397 4022 462 4065 non
485 4003 680 4086 patiebatur,
703 4001 737 4066 G.
761 4000 794 4065 Η
812 4001 862 4080 12,
886 4002 907 4063 4
929 3999 1085 4065 barbarus
1107 3999 1234 4064 animus
1256 4021 1385 4064 uxorem

248 4089 463 4170 matrimonio⁸
479 4127 516 4172 ac
538 4108 628 4191 regia
649 4105 793 4190 depellit,
815 4103 859 4170 M.
876 4104 928 4182 25,
953 4105 972 4166 2
995 4103 1130 4168 ardebat
1143 4103 1270 4168 animus
1289 4103 1385 4168 vitam

248 4209 335 4272 illius
358 4209 506 4274 scribere.
552 4210 704 4276 Severum
726 4211 843 4288 autam,
867 4229 965 4292 quem
986 4208 1091 4272 locum
1114 4207 1153 4272 de
1176 4229 1240 4291 quo
1263 4207 1384 4291 agimus

247 4313 409 4378 imitatum
436 4334 504 4380 esse
526 4337 557 4400 p.
582 4316 622 4382 18
644 4314 884 4393 illustravimus,
907 4312 942 4378 in
965 4311 1032 4377 vita
1054 4312 1157 4378 sancti
1179 4309 1313 4378 Martini

1446 4415 1449 4502 l
