2926 4978
820 213 861 276 62

741 439 818 529 Jug.
842 445 949 543 tul.
1036 503 1041 514 .

361 599 398 663 In
413 599 450 662 Pi
472 597 631 680 scripture
656 597 722 660 »ita
745 618 809 680 quo
832 596 948 660 clarior
967 599 1035 660 erat
1048 595 1236 682 (Metellus),
1261 620 1302 662 eo
1316 601 1410 683 magis

275 703 389 766 anxius
422 703 492 765 erat
524 720 627 784 neque
662 701 737 783 post
766 700 900 763 insidias
922 699 1102 783 Jugarthee
1135 701 1235 766 effuso
1270 703 1410 766 exercitu

275 805 440 890 praedari«
475 826 541 868 non
574 803 754 880 haererem,
785 804 847 867 nisi
880 806 1012 887 propter
1044 805 1239 889 reliquorum
1270 805 1411 869 codicum

274 909 427 974 lectiones
451 929 509 972 »eo
539 907 641 992 magis
672 907 865 970 animosior«
890 906 941 970 vel
972 928 1030 970 »eo
1054 907 1246 974 animosior«
1274 907 1346 993 (F.)
1370 908 1410 970 vel

276 1033 334 1075 »eo
364 1011 463 1093 magis
491 1011 616 1074 unimus
646 1009 780 1073 anxius«
810 1008 869 1095 (M.
897 1009 964 1072 M.l
993 1008 1061 1073 M.²
1083 1009 1136 1096 Τ.)
1168 1012 1203 1075 in
1236 1011 1411 1094 archetypo

274 1135 382 1179 cesum
411 1112 604 1177 substantivi
636 1114 801 1177 »animus«
834 1111 998 1177 additum«
1031 1113 1127 1178 fuisse
1150 1135 1287 1197 eumque
1311 1115 1350 1177 in
1374 1113 1412 1176 Po

275 1218 489 1293 intercidisse,
522 1217 557 1280 in
585 1219 700 1280 ceteris
730 1218 838 1281 autem
866 1219 1054 1301 corruptum
1084 1239 1151 1282 esse
1181 1218 1342 1301 suspicari
1366 1218 1412 1280 de·

226 1363 230 1370 ι
275 1323 422 1386 beremus
444 1319 500 1384 cfr.
524 1320 668 1384 Dietsch.
692 1343 723 1404 p.
748 1323 800 1384 22.
846 1320 908 1385 Sed
931 1342 1025 1404 quem
1048 1343 1155 1385 casum
1177 1323 1210 1385 in
1233 1323 1411 1404 archetypo

275 1426 431 1509 scriptum
463 1425 561 1488 fuisse
585 1425 808 1490 censebimus?
853 1424 1081 1490 Nominutivus
1109 1425 1255 1509 quidem,
1286 1427 1330 1490 de
1356 1447 1411 1508 quo

276 1530 411 1613 propter
450 1528 668 1610 exemplorum
704 1549 784 1610 quae
815 1550 847 1611 p.
879 1528 920 1592 58
954 1528 1142 1612 collegimus
1174 1529 1412 1593 multitudinem

275 1632 412 1718 eogitari
434 1632 546 1716 possit,
569 1632 644 1695 huic
667 1632 737 1696 loco
760 1631 866 1696 minus
888 1633 1060 1697 convenire
1081 1633 1219 1711 videtur,
1242 1653 1319 1696 cum
1337 1654 1411 1716 quae

275 1739 452 1821 sequuntur
477 1757 600 1818 »neque
624 1782 631 1798 .
655 1780 663 1796 .
687 1783 695 1797 .
720 1735 819 1799 effuso
843 1735 983 1799 exercitu
1003 1735 1168 1820 praedari«
1182 1735 1410 1820 adsubjectum

276 1841 442 1903 »animus«
472 1838 555 1902 male
586 1838 777 1904 referantur.
821 1837 941 1903 Animo
975 1839 1061 1902 enim
1090 1841 1195 1903 motus
1224 1841 1257 1902 et
1279 1839 1411 1904 affectus

274 1946 349 2027 apte
380 1943 585 2020 tribuuntur,
619 1943 666 2007 itu
688 1943 733 2006 ub
754 1941 969 2027 pulcherrime
992 1942 1118 2008 dicetur
1142 1945 1291 2008 »animus
1313 1945 1410 2016 ardet,

274 2048 431 2113 abhorret
446 2050 528 2127 cet«,
551 2047 605 2112 sed
628 2049 833 2132 imperatoris
856 2069 928 2111 eum
950 2049 1064 2131 exequi
1084 2046 1412 2112 officianemodicere

274 2175 369 2218 ausus
392 2155 443 2216 sit.
491 2152 679 2216 Ablutivum
712 2154 838 2230 autem,
867 2174 961 2235 quem
984 2171 1093 2216 cesum
1116 2153 1303 2217 Dietschius
1326 2175 1412 2238 pree

275 2258 444 2323 ferendum
478 2259 601 2333 censet,
632 2278 698 2320 non
722 2259 912 2341 receperim,
943 2257 1019 2340 quie
1042 2257 1245 2340 adjectivum,
1277 2279 1412 2341 quocum

274 2363 434 2427 ablativus
465 2362 613 2426 »animo«
645 2361 871 2446 conjungitur,
902 2364 1030 2446 praeter
1052 2360 1128 2446 Jug.
1152 2362 1204 2439 52,
1237 2363 1257 2426 6
1288 2364 1412 2426 »animo

157 2507 162 2513 ·
273 2488 428 2544 vacuos«,
464 2467 537 2546 113,
568 2468 588 2530 3
622 2467 751 2531 »animo
781 2466 908 2530 varius«
943 2468 976 2531 et
1008 2465 1046 2530 D.
1071 2463 1123 2529 Or.
1148 2465 1237 2530 1111
1278 2466 1412 2530 »intenti

273 2573 401 2635 animo«
425 2571 575 2634 omnibus
598 2571 630 2632 et
652 2571 752 2653 ipsius
769 2569 900 2634 Sallusti
920 2572 953 2634 et
963 2570 1137 2634 imitatoris
1149 2570 1320 2653 utriusque
1337 2569 1412 2634 locis

273 2677 361 2740 vocis
385 2675 532 2738 »animo«
558 2676 752 2738 structuram
772 2675 806 2738 in
829 2696 956 2757 genere,
987 2694 1132 2751 numero,
1161 2694 1236 2738 cusu
1258 2676 1411 2758 seqnitur,

275 2777 390 2862 Neque
412 2800 489 2842 vero
520 2777 604 2842 idem
633 2779 671 2842 de
704 2779 848 2862 genitivo
873 2779 1013 2841 »animi«
1038 2777 1145 2842 valere
1166 2777 1338 2861 permultis
1366 2779 1414 2842 dc·

273 2905 383 2948 eemur
407 2882 560 2965 exemplis
582 2881 641 2945 cfr.
663 2881 747 2945 Hist.
770 2881 867 2946 1192
890 2882 990 2945 animi
1013 2885 1115 2946 atrox.
1161 2881 1209 2945 Ill
1233 2883 1272 2945 13
1302 2882 1413 2964 ingens

272 2987 341 3071 ipse
376 2987 490 3052 virium
520 2987 617 3069 atque
648 2986 756 3050 enimi.
807 2985 855 3050 111
886 2986 925 3050 17
959 2986 1105 3050 firmatus
1139 2986 1248 3049 animi.
1294 2986 1346 3050 ΙΙΙ
1379 2989 1413 3050 05

274 3091 374 3155 animi
410 3091 542 3155 incertis
576 3091 782 3154 succurritur.
838 3089 885 3154 IV
909 3091 950 3154 27
983 3090 1112 3173 inquies
1147 3090 1257 3154 animi.
1303 3090 1355 3154 IV
1382 3092 1411 3154 71

273 3195 392 3258 nimius
414 3196 524 3259 enimi.
569 3194 618 3259 IV
641 3195 682 3258 72
705 3195 819 3258 anxius
841 3194 942 3259 animi
964 3196 1062 3278 utque
1085 3196 1237 3260 incertus.

360 3297 444 3363 Duc
462 3296 513 3363 01.
540 3297 597 3362 V9
621 3298 791 3362 collectum
814 3320 888 3363 eum
909 3297 1132 3382 refectumque
1154 3298 1266 3364 animi.
1305 3298 1336 3365 S.
1359 3299 1415 3366 Ser

273 3402 307 3466 O.
331 3401 346 3464 l
373 3403 421 3478 15,
446 3403 466 3465 4
489 3399 600 3464 furens
622 3401 732 3465 animi.
776 3401 864 3484 133,
889 3403 905 3467 1
929 3402 1092 3467 modestus
1113 3403 1224 3468 animi.
1267 3401 1349 3480 135,
1383 3405 1414 3466 10

272 3525 383 3570 vecors
406 3505 515 3568 enimi.
560 3502 667 3582 1145,
692 3505 710 3568 5
734 3505 850 3570 dubius
872 3507 982 3570 animi.

359 3605 484 3683 Quibus
518 3608 670 3692 exemplis
699 3608 772 3672 addi
795 3611 931 3692 possunt
953 3611 1054 3673 multa
1075 3610 1148 3690 ulia,
1171 3608 1289 3693 quibus
1310 3608 1416 3675 Sallu·

274 3711 371 3775 stium
401 3733 467 3776 non
502 3711 602 3794 magis
631 3733 728 3795 quam
759 3713 940 3778 imitatores
962 3713 1146 3797 saepissime
1168 3715 1345 3796 genitivum
1374 3718 1414 3779 in

273 3833 392 3896 ponere
421 3814 676 3893 demonstratur,
712 3818 748 3879 ut
781 3837 872 3880 casus
904 3817 959 3881 ille
991 3817 1082 3901 quusi
1112 3817 1282 3880 circuitum
1314 3820 1414 3902 atque

165 3996 172 4008 ·
272 3916 383 3982 orbem
406 3919 607 3996 determinet,
629 3919 717 3983 intra
739 3942 833 4003 quem
856 3921 904 3985 ris
927 3942 974 3999 ea,
1002 3942 1084 4005 quae
1107 3921 1264 4004 adjectivo
1289 3922 1415 4007 signifi·

273 4022 375 4098 catur,
397 4021 498 4104 pollet
520 4024 617 4105 atque
633 4022 721 4106 viget
743 4021 799 4088 cfr.
815 4022 883 4088 cat.
901 4025 930 4102 5,
948 4026 969 4087 4
991 4025 1041 4089 sni
1064 4024 1223 4110 profusus.
1270 4025 1300 4103 7,
1324 4029 1413 4111 dpe-

272 4125 385 4188 cuniae
408 4124 566 4188 liberales.
611 4124 685 4211 Jug.
710 4126 762 4204 44,
788 4128 803 4190 1
829 4128 915 4192 iners
938 4127 1024 4192 belli.
1069 4128 1154 4192 Hist.
1178 4127 1193 4192 Ι
1218 4128 1279 4192 100
1303 4129 1412 4212 privos

271 4228 341 4311 ipse
372 4227 517 4292 militiae.
560 4228 577 4292 I
604 4231 663 4294 106
686 4231 834 4315 egregius
856 4230 1002 4296 militiae.
1047 4230 1077 4296 Il
1105 4232 1142 4294 13
1174 4229 1251 4294 belli
1281 4251 1413 4316 promp-

271 4331 423 4394 tissumos
445 4329 646 4414 delegebant.
692 4332 741 4398 Ill
765 4335 804 4398 81
829 4336 945 4400 dubius
968 4335 1091 4401 consili.
1136 4333 1183 4398 IV
1207 4335 1247 4398 48
1270 4334 1412 4399 insoleus
