2926 4978
640 249 681 312 55

12 437 31 480 r·
65 419 158 484 varie
189 421 222 482 et
244 419 394 501 corrupte
417 417 537 480 tradite
566 421 659 492 sunt3
690 416 754 480 Pus
775 416 861 479 anim
884 416 1013 482 exhibet
1038 415 1214 482 »Lentulus

68 525 105 586 et
127 521 287 598 indices‹;
322 541 399 605 »per
417 520 560 604 judices<
586 520 658 597 tlte
690 542 768 603 »per
790 520 949 585 vindices«
975 519 1036 597 s.;
1070 521 1214 604 plerique

69 627 190 689 omissa
213 625 451 708 praepositione
476 624 667 702 »vindices«.
712 622 734 687 J
735 646 787 690 am
799 645 874 688 cnm
887 625 925 688 ad
938 647 1068 688 manum
1080 622 1214 690 Sallusti

69 728 304 812 expediendam
339 749 356 792 e
387 726 557 792 codicibus·
579 727 660 792 nihil
693 729 787 792 nobis
820 728 929 792 veniat
962 729 1090 804 auxilii,
1126 730 1212 792 recte

70 830 259 896 Dietschius
281 853 313 914 p.
338 831 377 895 71
401 831 501 896 verba
532 831 694 896 »vindices
716 853 823 895 rerum
852 831 1061 916 capitelium«
1084 831 1214 911 delevit,

68 935 263 1017 praesertim
284 955 355 998 cum
378 955 443 998 non
465 956 575 999 eorum
598 935 704 1014 luerit,
735 936 791 1000 sed
814 936 1019 1015 carnificum,
1043 935 1212 1002 damnatos

10 1079 11 1110 .
68 1059 172 1102 manu
194 1039 378 1123 percutere,
401 1039 500 1104 verba
522 1042 634 1105 autem
659 1040 796 1124 »quibus
819 1044 1026 1124 praeceptum
1053 1042 1154 1117 erat«,
1186 1039 1214 1102 si

10 1165 12 1228 ᾗ
69 1142 114 1206 ad
137 1141 278 1207 vindices
309 1163 418 1206 rerum
447 1143 634 1227 capitalium
665 1144 858 1223 referuntur,
893 1166 1025 1229 prorsus
1056 1144 1216 1228 superflue

10 1229 12 1350 i
70 1246 242 1310 addantur.
302 1244 422 1310 Contra
456 1247 621 1332 aptissime
664 1248 845 1321 carnifices,
867 1270 925 1333 per
958 1248 1213 1333 euphemismum

9 1357 14 1488 p
73 1350 215 1433 »quibus
249 1349 456 1433 praeceptum
489 1353 579 1414 erat«
610 1351 768 1436 appellari
799 1372 918 1436 negare
941 1374 1007 1416 non
1038 1373 1215 1436 possumus.

9 1491 11 1542 Ι
72 1452 166 1528 Quae
192 1452 344 1536 loquendi
372 1451 457 1517 ratio
488 1475 545 1537 per
568 1452 758 1538 Septimium
788 1453 991 1532 defenditur,
1025 1455 1081 1538 qui
1103 1454 1216 1519 iisdem

9 1543 14 1684 pf
72 1558 142 1622 fere
165 1556 272 1621 verbis
292 1556 471 1640 subjectum
493 1578 551 1640 per
571 1547 730 1621 bmbitnm
754 1558 904 1621 enuntiat

9 1703 10 1710 .
249 1660 280 1726 V
301 1661 322 1725 4
346 1661 484 1743 »quibus
506 1662 701 1745 imperatum
721 1665 791 1725 erat
812 1661 852 1725 ad
874 1683 971 1725 naves
994 1661 1159 1726 veniunt«.

163 1765 267 1831 Verba
289 1767 389 1850 igitur
413 1766 573 1831 »vindices
589 1787 698 1830 rerum
716 1765 921 1850 capitalium«
936 1768 1217 1830 scommentatore

74 1871 217 1955 quodem
237 1872 272 1935 in
294 1871 435 1954 margine
457 1870 619 1954 adscripta
639 1871 675 1935 in
698 1870 822 1935 textum
842 1870 1008 1954 irrepsisse
1037 1872 1070 1933 et
1091 1870 1216 1948 deinde,

8 1997 9 2044 i
75 1997 150 2039 cum
179 1996 274 2040 sensu
305 1970 434 2059 prorsus
462 1976 626 2052 carerent,
661 1973 703 2038 ab
731 1971 803 2037 aliis
825 1972 889 2036 alia
911 1973 1037 2036 ratione
1059 1974 1122 2037 toti
1145 1973 1216 2039 loco

8 2055 10 2088 '
75 2076 284 2142 accomodata
306 2098 373 2142 esse
394 2078 601 2162 suspicamur.
709 2135 715 2143 .

164 2181 205 2246 ln
234 2182 275 2246 iis
308 2183 431 2260 antem,
466 2204 548 2265 quae
578 2180 774 2246 antecedunt
816 2201 917 2264 »quae
950 2181 991 2244 ad
1023 2181 1217 2265 subplicium

79 2284 283 2370 postulabat«
308 2287 345 2350 ut
367 2305 439 2349 cum
462 2284 627 2350 Dietsshio
650 2283 888 2349 consentiamus
910 2284 1101 2369 persuadere
1124 2284 1218 2351 nobis

79 2410 146 2452 non
174 2409 352 2474 possumus.
384 2386 481 2484 'Nam
515 2388 641 2452 etiamsi
671 2388 792 2471 majore
814 2386 853 2451 Pi
886 2391 919 2452 et
941 2387 1003 2451 Ρί1
1025 2390 1216 2455 auctoritate

79 2497 117 2556 ut
146 2492 417 2577 praepositionem
442 2492 521 2556 ›ad‹
557 2492 671 2556 ceteris
693 2493 874 2569 codicibus,
906 2493 963 2576 qni
985 2514 1056 2557 eam
1077 2515 1143 2557 non
1165 2515 1218 2559 ex·

77 2598 204 2675 hibent,
226 2595 422 2681 posthabitis
443 2597 639 2660 retineamus
654 2596 828 2680 efflagitari
842 2596 976 2675 videtur,
998 2599 1108 2662 tamen
1122 2600 1220 2664 omis·

78 2723 147 2767 sam
177 2700 450 2785 praepositionem
480 2701 706 2769 consuetudini
737 2699 952 2766 Sallustianae
986 2700 1109 2785 optime
1142 2721 1220 2766 con·

77 2807 189 2872 venire
218 2805 260 2870 ab
288 2806 359 2889 ipso
382 2804 548 2870 Dietschio
570 2805 739 2889 permultis
761 2805 960 2869 illustratum
982 2807 1031 2869 est
1053 2806 1217 2890 exemplis.

78 2911 180 2986 Quem
209 2931 379 2975 numerum
409 2931 448 2973 ex
477 2912 615 2992 utroque
637 2910 801 2974 imitatore
823 2928 943 2995 augere
965 2930 1133 2993 possumus
1156 2909 1215 2974 cfr.

78 3015 120 3080 D.
143 3013 193 3078 Cr.
216 3014 251 3077 II
277 3015 318 3078 35
341 3035 393 3078 res
414 3013 578 3098 postulare
600 3012 737 3078 videtur.
782 3010 829 3077 IV
854 3012 894 3076 13
922 3013 972 3075 uti
994 3033 1045 3076 res
1067 3033 1217 3097 exposce-

78 3120 146 3183 bat.
189 3117 264 3183 V4
294 3139 375 3201 quae
405 3119 533 3203 tempus
563 3117 725 3181 monebat.
769 3114 827 3179 14
856 3137 938 3200 quae
967 3118 1094 3199 tempus
1116 3118 1218 3201 patie-

79 3223 184 3287 batur.
227 3220 314 3286 1141
342 3242 423 3304 quae
444 3223 573 3305 tempus
595 3221 674 3284 anni
691 3220 885 3304 patiebatur.
930 3216 961 3283 S.
976 3217 1048 3284 ch.
1062 3218 1095 3284 Ο.
1109 3220 1218 3301 112,4

77 3349 129 3392 res
160 3325 312 3411 postulat.
358 3324 391 3390 0.
415 3324 449 3389 Il
471 3325 565 3402 28,2
596 3346 648 3389 res
669 3323 872 3388 admonebat.
916 3321 991 3387 Jam
1018 3344 1090 3388 cum
1113 3322 1220 3408 Septi-

79 3431 163 3496 mius
184 3431 218 3495 in
241 3430 351 3495 eadem
374 3429 506 3514 periodo

252 3532 316 3598 Vc
340 3535 396 3597 »at
416 3533 497 3596 lucis
518 3531 612 3596 initio
635 3530 753 3614 quibus
775 3529 969 3613 imperatum
985 3533 1055 3594 erat
1067 3531 1106 3594 ad
1118 3552 1216 3595 naves

252 3636 402 3715 veniunt,
435 3634 600 3700 decretum
628 3634 745 3698 civium
775 3632 899 3697 cunctis
926 3638 1075 3698 narrant:
1108 3634 1218 3717 itaque

253 3760 325 3804 cum
347 3739 419 3822 quis
440 3741 534 3803 antea
556 3738 596 3802 sd
613 3736 844 3814 confirmanda,
868 3758 950 3820 quae
966 3740 1094 3822 tempus
1110 3759 1219 3803 mone-

250 3845 318 3924 bat,
342 3844 513 3910 secedunt«

76 3969 178 4036 genus
201 3949 328 4015 dicendi
350 3947 581 4013 Sallustianum
610 3945 756 4009 imitatus
778 3946 812 4008 et
833 3944 921 4010 dicat
945 3965 1046 4028 »quae
1069 3947 1216 4030 tempus<

77 4053 233 4119 monebat
266 4054 299 4116 et
334 4052 472 4135 »quibus
500 4052 694 4135 imperatum
727 4051 834 4127 erat«,
868 4047 954 4113 hunc
984 4051 1091 4134 ipsum
1122 4072 1217 4136 quem
1270 4107 1275 4116 .

76 4161 255 4224 tractamus
268 4156 401 4222 Sallusti
423 4157 529 4222 locum
541 4157 577 4221 in
592 4157 664 4220 tote
674 4153 806 4239 periodo
822 4152 1052 4220 conformanda
1064 4156 1220 4220 imitatori

75 4265 283 4328 obversatum
305 4260 400 4326 fuisse
423 4261 604 4324 statuimus.
650 4256 741 4332 Quod
765 4257 793 4320 si
804 4257 852 4320 ita
868 4258 927 4335 est,
950 4259 1219 4343 praepositionem

77 4367 158 4432 »ad«
180 4367 252 4450 jure
275 4368 386 4432 nostro
410 4365 564 4430 delevisse
587 4363 680 4428 nobis
704 4360 859 4426 videmur.
