2926 4978
193 365 196 372 Δ
636 271 677 333 21

185 439 261 506 Sall.
283 440 359 528 Jug.
467 461 468 469 ¹
576 442 661 508 Dict.
685 440 735 508 Or.

10 609 11 614 ’
100 601 128 670 6)
147 600 406 658 frumentumetalia
487 604 514 658 ΙΙ
535 606 566 658 18
580 593 842 660 6666666666166-

82 675 197 728 adfatim
216 675 341 742 praebita
469 694 520 746 que
540 717 590 730 ...
609 675 712 728 affatim
731 675 842 744 praebe·

10 845 11 866 t
107 815 135 880 8)
163 815 263 884 quippe
295 817 370 884 cujus
398 835 459 886 spes
471 751 652 886 ἰ6666116666
668 833 728 885 spen
741 815 843 884 reliqua

10 919 12 966 ὲ
83 889 172 942 omnis
195 889 223 939 in
249 887 708 959 6666666666666666661666666

10 997 12 1008 ,6
103 961 148 1026 10)
173 977 254 1012 nemo
280 962 401 1014 omnium
418 963 458 1014 in·
487 965 513 1017 11
532 965 566 1016 43
587 979 697 1032 prorsus
714 960 788 1014 nullo
804 959 843 1012 in·

469 1040 544 1090 tacto

10 1029 11 1034 ’
82 1035 172 1086 666666
191 1030 313 1122 prufpgit

10 1157 12 1164 i
116 1175 143 1239 2)
179 1169 214 1228 de
240 1105 351 1229 1666666116
387 1173 459 1230 fama
487 1177 555 1234 V16
575 1178 609 1232 de
620 1178 757 1246 Penelopa
774 1175 842 1244 ejus-

10 1255 11 1316 )
82 1246 224 1316 praeclara
243 1263 301 1299 6666

469 1268 520 1318 666
546 1250 678 1319 pudicitia
703 1250 843 1319 praeclara

470 1323 543 1376 fama

253 1390 296 1441 57.

106 1458 130 1527 1)
148 1460 184 1514 ad
203 1459 317 1514 Lernam
336 1461 459 1528 pervenit
486 1465 499 1516 1
519 1466 534 1518 ὅ
553 1463 668 1518 veniunt
685 1463 721 1517 ad
730 1462 841 1531 Trojam

103 1531 129 1601 3)
149 1532 360 1601 clemeringene
373 1532 459 1586 oritur
494 1536 522 1588 ΙΙ
552 1539 586 1590 37
614 1537 717 1592 clamor
746 1535 840 1604 ingene

469 1609 555 1662 oritur

10 1685 11 1706 ³
102 1671 129 1739 6)
148 1677 191 1726 666
209 1690 243 1726 66
261 1674 322 1727 illoe
339 1674 458 1743 quidem,

83 1746 130 1813 qui
165 1745 262 1812 procul
293 1753 457 1816 manserant,

82 1819 166 1870 timor
184 1817 267 1870 animi
289 1818 354 1872 satie
372 1820 457 1872 muni·

81 1891 179 1942 verat:
216 1906 280 1943 nam
316 1891 458 1958 plerosque

79 1960 172 2028 jacula
193 2001 199 2015 .
221 2000 227 2014 .
248 2000 253 2013 .
274 1961 457 2031 vulnerabant,

80 2033 456 2100 pariquepcricnloeetiama

80 2103 172 2170 inpari
190 2103 255 2157 boni
273 2109 353 2173 atque
365 2105 457 2174 ignavi

82 2178 160 2228 erant

99 2604 126 2672 2)
146 2605 318 2674 eibiqnisque
336 2623 386 2674 pro
398 2623 454 2661 mo·
481 2599 508 2653 II
527 2603 562 2654 37
581 2619 702 2656 seorsum
720 2603 772 2657 eibi
785 2605 837 2658 ein·

79 2675 155 2728 ribus
173 2679 319 2730 consulunt
466 2673 535 2740 gulia
554 2675 756 2729 consulentibus

98 2747 126 2815 3)
145 2750 454 2819 megnaparevolnerati
482 2744 507 2797 II
533 2747 551 2798 4
582 2751 623 2828 eet
652 2751 680 2802 et
703 2749 837 2802 vulnerati

464 2835 527 2886 pare
545 2835 663 2872 maxima

98 2906 183 2960 grege
206 2891 280 2946 facto
303 2893 394 2946 locum
412 2909 454 2946 66-

77 2979 145 3030 pere

96 3033 124 3099 6)
151 3039 180 3087 66
205 3034 340 3102 Jugurtha
366 3035 450 3088 muni·
480 3031 560 3087 1143
586 3051 665 3089 ruere
689 3033 724 3088 ad
743 3038 836 3102 portas

76 3109 171 3158 mento
184 3109 334 3159 castrorum
349 3107 452 3176 inpedi-
464 3121 548 3171 eoque
565 3110 625 3159 arto
645 3112 672 3161 et
691 3123 837 3174 properan-

76 3179 130 3246 tur,
158 3193 220 3229 cum
238 3178 283 3230 alii
300 3195 380 3246 super
398 3179 452 3231 vei·
463 3176 530 3228 tium
553 3178 727 3232 multitudine
750 3179 836 3246 impe·

76 3249 135 3302 ium
142 3249 395 3317 praecipitarentur,
407 3251 452 3303 aiii
463 3247 520 3301 dito
532 3247 663 3316 ingressu,
681 3269 743 3305 cum
757 3267 837 3320 cuper

10 3347 12 3372 i
77 3319 106 3372 in
143 3321 275 3388 angustiis
311 3322 364 3389 ipsi
400 3322 451 3374 sibi
463 3319 545 3373 elium
563 3321 630 3374 alius
647 3325 741 3376 ruinae
753 3323 836 3377 modo

76 3391 702 3461 properantesobficereut...praecipitaretur,
744 3411 836 3464 auper-

76 3480 136 3516 eese
154 3465 259 3533 recepit
464 3463 537 3517 venit
557 3502 564 3516 .
585 3503 591 3516 .
611 3504 617 3518 .
634 3466 703 3535 Ajax

10 3657 12 3668 ,
94 3603 122 3673 2)
144 3605 191 3674 qui
214 3605 242 3658 in
261 3623 393 3675 proxumo
412 3605 452 3661 lo·

10 3693 11 3700 ¹
76 3677 132 3730 cati
150 3678 257 3731 fuerant

10 3769 12 3808 1
94 3749 123 3818 3)
142 3766 229 3817 66666
245 3749 451 3804 diutiuaNumi·
479 3748 506 3802 11
538 3754 571 3806 12
603 3749 690 3821 neque
719 3754 836 3825 amplius

10 3821 12 3834 “
75 3817 128 3874 dae
145 3821 270 3876 resistere
294 3822 450 3891 quivissent,
462 3821 551 3876 resisti
586 3825 643 3894 jam
682 3826 754 3896 apud
790 3844 836 3882 666

76 3891 106 3945 ni
244 3962 280 4015 60
462 3898 580 3962 poterat,
598 3897 663 3966 quin

868 1685 892 1736 D
915 1684 929 1736 I
953 1685 996 1739 24.
1019 1685 1037 1738 4
1061 1688 1127 1753 puta
1150 1683 1223 1738 enim

850 1757 931 1808 istum
942 1755 1023 1809 666666
1035 1757 1159 1822 militem,
1178 1757 1223 1825 qui

851 1829 1011 1898 pugnaverit
1020 1829 1048 1881 in
1060 1829 1153 1896 iniquo
1162 1829 1223 1882 1666

850 1905 878 1953 66
896 1905 988 1953 tamen
1001 1901 1089 1954 victur
1098 1901 1222 1966 evaserit,

850 1972 911 2026 illos
935 1976 1025 2025 autem
1051 1989 1135 2040 aeque
1161 1988 1223 2025 666-

850 2061 921 2113 pone
939 2044 1086 2112 militibus,
1113 2049 1154 2098 666
1177 2044 1224 2113 qui

850 2131 980 2184 exaequo
998 2116 1059 2169 6666
1078 2117 1222 2169 autetiam

850 2187 885 2240 de
902 2187 1040 2255 superiore
1052 2189 1224 2242 certaverint.

849 2259 915 2327 quid
934 2259 1018 2329 ergo?
1037 2259 1088 2313 etei
1100 2259 1222 2314 omnium

850 2349 903 2384 una
932 2331 1045 2385 victoria
1077 2336 1132 2400 666,
1166 2348 1222 2385 666

848 2406 939 2470 666666
956 2403 1078 2457 omnium
1098 2418 1155 2456 6666
1172 2420 1222 2472 par

848 2473 936 2542 gloria

865 2909 927 2977 ΕΒ,
946 2911 963 2962 8
983 2924 1065 2978 grege
1077 2907 1150 2962 66666
1170 2944 1198 2962 ..
1214 2945 1221 2960 .

847 2985 953 3035 montes
971 2981 1104 3047 ailveaque
1117 2979 1221 3048 petiere

865 3608 894 3735 ip!
917 3610 966 3675 22,
995 3607 1011 3658 5
1041 3603 1070 3657 in
1094 3598 1220 3672 proximo

846 3697 875 3735 66

10 4083 11 4104 ἦ
100 4030 128 4099 7)
165 4033 281 4103 denique
316 4033 451 4102 utrimque
478 4036 505 4090 11
533 4039 567 4090 23
595 4037 658 4090 dein
682 4055 736 4092 nox
763 4079 769 4094 .
795 4079 800 4092 .
828 4080 835 4094 .
905 4028 909 4037 Α

74 4105 211 4173 proelium
229 4123 284 4160 nox
302 4107 415 4161 diremit
461 4108 596 4177 proelium
615 4109 726 4164 diremit

99 4246 123 4313 1)
142 4243 188 4300 ubi
207 4179 328 4316 priirium
342 4252 450 4317 oportu-
477 4249 490 4302 Ι
510 4252 541 4303 11
562 4267 623 4305 666
650 4249 769 4319 primum
788 4271 834 4325 op·

74 4335 144 4373 num
161 4317 213 4372 fuit
460 4325 608 4390 portunum
625 4322 713 4376 vnum
731 4329 772 4380 666

93 4388 258 4458 Jugurtham
274 4430 295 4445 ..
307 4430 314 4446 .
327 4390 448 4460 adcedit,

71 4464 166 4516 monet
187 4467 268 4531 atque
291 4464 447 4518 lacrumans

861 4385 920 4441 011
937 4387 982 4454 44,
998 4388 1011 4440 l
1025 4384 1075 4441 hoa
1087 4387 1215 4459 precibus

843 4460 1002 4530 aggreditur
1019 4474 1052 4514 ac
1070 4461 1215 4518 lacrimans
