<?xml version="1.0" encoding="UTF-8"?>
<!DOCTYPE html PUBLIC "-//W3C//DTD XHTML 1.0 Transitional//EN"
    "http://www.w3.org/TR/xhtml1/DTD/xhtml1-transitional.dtd">
<html xmlns="http://www.w3.org/1999/xhtml" xml:lang="en" lang="en">
 <head>
  <title>
</title>
<meta http-equiv="Content-Type" content="text/html;charset=utf-8" />
  <meta name='ocr-system' content='tesseract 3.04.00' />
  <meta name='ocr-capabilities' content='ocr_page ocr_carea ocr_par ocr_line ocrx_word'/>
</head>
<body>
  <div class='ocr_page' id='page_1' title='image "./quaestionessall00pratgoog_0058.png"; bbox 0 0 2926 4978; ppageno 0'>
   <div class='ocr_carea' id='block_1_1' title="bbox 639 274 680 338">
    <p class='ocr_par' dir='ltr' id='par_1_1' title="bbox 639 274 680 338">
     <span class='ocr_line' id='line_1_1' title="bbox 639 274 680 338; baseline -0.049 0"><span class='ocrx_word' id='word_1_1' title='bbox 639 274 680 338; x_wconf 89' lang='lat'><strong>53</strong></span> 
     </span>
    </p>
   </div>
   <div class='ocr_carea' id='block_1_2' title="bbox 19 441 1232 2706">
    <p class='ocr_par' dir='ltr' id='par_1_2' title="bbox 136 441 1221 630">
     <span class='ocr_line' id='line_1_2' title="bbox 136 441 1221 532; baseline 0.009 -27"><span class='ocrx_word' id='word_1_2' title='bbox 136 514 142 532; x_wconf 26' lang='grc' dir='ltr'><strong><em>Ι</em></strong></span> <span class='ocrx_word' id='word_1_3' title='bbox 258 447 369 510; x_wconf 78' lang='lat' dir='ltr'><strong>»tanta</strong></span> <span class='ocrx_word' id='word_1_4' title='bbox 391 445 441 509; x_wconf 85' lang='lat' dir='ltr'><strong>vis</strong></span> <span class='ocrx_word' id='word_1_5' title='bbox 464 441 569 506; x_wconf 90' lang='lat' dir='ltr'>morbi</span> <span class='ocrx_word' id='word_1_6' title='bbox 593 445 691 528; x_wconf 85' lang='lat' dir='ltr'><strong>atquo</strong></span> <span class='ocrx_word' id='word_1_7' title='bbox 714 446 761 509; x_wconf 91' lang='lat' dir='ltr'><strong>uti</strong></span> <span class='ocrx_word' id='word_1_8' title='bbox 784 446 875 512; x_wconf 87' lang='lat' dir='ltr'><strong>tabas</strong></span> <span class='ocrx_word' id='word_1_9' title='bbox 906 447 1077 532; x_wconf 87' lang='lat' dir='ltr'><strong>plerosque</strong></span> <span class='ocrx_word' id='word_1_10' title='bbox 1105 451 1221 515; x_wconf 86' lang='lat' dir='ltr'><strong>civium</strong></span> 
     </span>
     <span class='ocr_line' id='line_1_3' title="bbox 260 549 622 630; baseline -0.017 -16"><span class='ocrx_word' id='word_1_11' title='bbox 260 551 384 616; x_wconf 84' lang='lat' dir='ltr'><strong>animos</strong></span> <span class='ocrx_word' id='word_1_12' title='bbox 406 549 622 630; x_wconf 80' lang='lat' dir='ltr'><strong>pervaserat«.</strong></span> 
     </span>
    </p>

    <p class='ocr_par' dir='ltr' id='par_1_3' title="bbox 70 649 1232 1464">
     <span class='ocr_line' id='line_1_4' title="bbox 172 649 1232 741; baseline 0.002 -22"><span class='ocrx_word' id='word_1_13' title='bbox 172 655 260 730; x_wconf 77' lang='lat' dir='ltr'><strong>Quae</strong></span> <span class='ocrx_word' id='word_1_14' title='bbox 284 675 357 718; x_wconf 89' lang='lat' dir='ltr'><strong>eum</strong></span> <span class='ocrx_word' id='word_1_15' title='bbox 380 650 456 732; x_wconf 78' lang='lat' dir='ltr'><strong>ferri</strong></span> <span class='ocrx_word' id='word_1_16' title='bbox 479 671 545 713; x_wconf 90' lang='lat' dir='ltr'><strong>non</strong></span> <span class='ocrx_word' id='word_1_17' title='bbox 568 651 694 733; x_wconf 90' lang='lat' dir='ltr'><strong>possint</strong></span> <span class='ocrx_word' id='word_1_18' title='bbox 716 649 906 718; x_wconf 83' lang='lat' dir='ltr'><strong>Gerlachius</strong></span> <span class='ocrx_word' id='word_1_19' title='bbox 935 656 968 720; x_wconf 86' lang='lat' dir='ltr'><strong>et</strong></span> <span class='ocrx_word' id='word_1_20' title='bbox 989 653 1108 720; x_wconf 82' lang='lat' dir='ltr'><strong>Jacobs</strong></span> <span class='ocrx_word' id='word_1_21' title='bbox 1131 660 1232 741; x_wconf 87' lang='lat' dir='ltr'><strong>parti-</strong></span> 
     </span>
     <span class='ocr_line' id='line_1_5' title="bbox 70 754 1230 840; baseline 0.001 -16"><span class='ocrx_word' id='word_1_22' title='bbox 70 761 189 824; x_wconf 81' lang='lat' dir='ltr'>culam</span> <span class='ocrx_word' id='word_1_23' title='bbox 214 762 351 840; x_wconf 67' lang='lat' dir='ltr'><strong>»atquffl</strong></span> <span class='ocrx_word' id='word_1_24' title='bbox 376 755 468 818; x_wconf 87' lang='lat' dir='ltr'><strong>uncis</strong></span> <span class='ocrx_word' id='word_1_25' title='bbox 489 754 785 834; x_wconf 81' lang='lat' dir='ltr'><strong>circumcluserunt,</strong></span> <span class='ocrx_word' id='word_1_26' title='bbox 807 757 842 819; x_wconf 92' lang='lat' dir='ltr'><strong>id</strong></span> <span class='ocrx_word' id='word_1_27' title='bbox 865 758 950 840; x_wconf 90' lang='lat' dir='ltr'><strong>quod</strong></span> <span class='ocrx_word' id='word_1_28' title='bbox 974 759 1148 824; x_wconf 83' lang='lat' dir='ltr'><strong>offensioni</strong></span> <span class='ocrx_word' id='word_1_29' title='bbox 1164 782 1230 826; x_wconf 91' lang='lat' dir='ltr'><strong>non</strong></span> 
     </span>
     <span class='ocr_line' id='line_1_6' title="bbox 72 857 1232 947; baseline -0.001 -19"><span class='ocrx_word' id='word_1_30' title='bbox 72 886 152 928; x_wconf 86' lang='lat' dir='ltr'><strong>esse</strong></span> <span class='ocrx_word' id='word_1_31' title='bbox 174 861 360 926; x_wconf 88' lang='lat' dir='ltr'><strong>Dietschins</strong></span> <span class='ocrx_word' id='word_1_32' title='bbox 389 881 420 942; x_wconf 88' lang='lat' dir='ltr'><strong>p.</strong></span> <span class='ocrx_word' id='word_1_33' title='bbox 449 858 508 921; x_wconf 88' lang='grc'><strong>109</strong></span> <span class='ocrx_word' id='word_1_34' title='bbox 543 857 620 922; x_wconf 90' lang='lat' dir='ltr'><strong>satis</strong></span> <span class='ocrx_word' id='word_1_35' title='bbox 651 859 760 922; x_wconf 89' lang='lat' dir='ltr'><strong>multis</strong></span> <span class='ocrx_word' id='word_1_36' title='bbox 791 858 924 925; x_wconf 76' lang='lat' dir='ltr'><strong>Sallusti</strong></span> <span class='ocrx_word' id='word_1_37' title='bbox 953 863 1108 947; x_wconf 80' lang='lat' dir='ltr'><strong>exemplis</strong></span> <span class='ocrx_word' id='word_1_38' title='bbox 1138 864 1232 929; x_wconf 87' lang='lat' dir='ltr'><strong>docet</strong></span> 
     </span>
     <span class='ocr_line' id='line_1_7' title="bbox 73 959 1231 1048; baseline 0.003 -19"><span class='ocrx_word' id='word_1_39' title='bbox 73 966 145 1030; x_wconf 84' lang='lat' dir='ltr'><strong>cfr.</strong></span> <span class='ocrx_word' id='word_1_40' title='bbox 175 964 251 1048; x_wconf 89' lang='lat' dir='ltr'><strong>Jug.</strong></span> <span class='ocrx_word' id='word_1_41' title='bbox 275 965 371 1041; x_wconf 82' lang='grc'>32,4</span> <span class='ocrx_word' id='word_1_42' title='bbox 401 959 443 1024; x_wconf 91' lang='grc' dir='ltr'><strong>Η.</strong></span> <span class='ocrx_word' id='word_1_43' title='bbox 465 959 481 1022; x_wconf 94' lang='grc' dir='ltr'><strong>Ι</strong></span> <span class='ocrx_word' id='word_1_44' title='bbox 504 961 556 1038; x_wconf 83' lang='grc'><strong>48,</strong></span> <span class='ocrx_word' id='word_1_45' title='bbox 579 962 609 1037; x_wconf 87' lang='grc'><strong>9,</strong></span> <span class='ocrx_word' id='word_1_46' title='bbox 640 959 688 1026; x_wconf 91' lang='lat' dir='ltr'><strong>IV</strong></span> <span class='ocrx_word' id='word_1_47' title='bbox 711 963 763 1041; x_wconf 88' lang='grc'><strong>26,</strong></span> <span class='ocrx_word' id='word_1_48' title='bbox 795 963 913 1045; x_wconf 91' lang='lat' dir='ltr'><strong>quibus</strong></span> <span class='ocrx_word' id='word_1_49' title='bbox 944 985 983 1027; x_wconf 85' lang='lat' dir='ltr'><strong>ex</strong></span> <span class='ocrx_word' id='word_1_50' title='bbox 1011 965 1231 1032; x_wconf 77' lang='lat' dir='ltr'><strong>imitatoribus</strong></span> 
     </span>
     <span class='ocr_line' id='line_1_8' title="bbox 75 1062 1231 1154; baseline 0.003 -22"><span class='ocrx_word' id='word_1_51' title='bbox 75 1070 162 1134; x_wconf 86' lang='lat' dir='ltr'><strong>addi</strong></span> <span class='ocrx_word' id='word_1_52' title='bbox 184 1069 320 1152; x_wconf 90' lang='lat' dir='ltr'><strong>possunt</strong></span> <span class='ocrx_word' id='word_1_53' title='bbox 342 1065 440 1129; x_wconf 88' lang='lat' dir='ltr'><strong>haec:</strong></span> <span class='ocrx_word' id='word_1_54' title='bbox 465 1064 505 1129; x_wconf 92' lang='lat' dir='ltr'><strong>D.</strong></span> <span class='ocrx_word' id='word_1_55' title='bbox 519 1062 568 1127; x_wconf 78' lang='lat' dir='ltr'><strong>Or.</strong></span> <span class='ocrx_word' id='word_1_56' title='bbox 587 1063 634 1130; x_wconf 92' lang='lat' dir='ltr'><strong>IV</strong></span> <span class='ocrx_word' id='word_1_57' title='bbox 648 1065 690 1128; x_wconf 91' lang='grc'><strong>22</strong></span> <span class='ocrx_word' id='word_1_58' title='bbox 713 1087 776 1148; x_wconf 92' lang='lat' dir='ltr'><strong>quo</strong></span> <span class='ocrx_word' id='word_1_59' title='bbox 799 1068 947 1152; x_wconf 88' lang='lat' dir='ltr'><strong>exemplo</strong></span> <span class='ocrx_word' id='word_1_60' title='bbox 970 1069 1072 1132; x_wconf 88' lang='lat' dir='ltr'><strong>veluti</strong></span> <span class='ocrx_word' id='word_1_61' title='bbox 1092 1072 1231 1154; x_wconf 88' lang='lat' dir='ltr'><strong>pessima</strong></span> 
     </span>
     <span class='ocr_line' id='line_1_9' title="bbox 75 1165 1232 1256; baseline 0 -18"><span class='ocrx_word' id='word_1_62' title='bbox 75 1173 280 1256; x_wconf 80' lang='lat' dir='ltr'><strong>contagione</strong></span> <span class='ocrx_word' id='word_1_63' title='bbox 302 1169 454 1234; x_wconf 87' lang='lat' dir='ltr'><strong>imbutos.</strong></span> <span class='ocrx_word' id='word_1_64' title='bbox 502 1166 572 1232; x_wconf 81' lang='lat' dir='ltr'><strong>Ser.</strong></span> <span class='ocrx_word' id='word_1_65' title='bbox 596 1165 630 1232; x_wconf 83' lang='lat' dir='ltr'><strong>O.</strong></span> <span class='ocrx_word' id='word_1_66' title='bbox 653 1168 742 1248; x_wconf 84' lang='lat'>123,</span> <span class='ocrx_word' id='word_1_67' title='bbox 767 1169 785 1232; x_wconf 91' lang='lat'>5</span> <span class='ocrx_word' id='word_1_68' title='bbox 809 1170 933 1235; x_wconf 89' lang='lat' dir='ltr'><strong>animos</strong></span> <span class='ocrx_word' id='word_1_69' title='bbox 955 1193 1066 1236; x_wconf 90' lang='lat' dir='ltr'><strong>eorum</strong></span> <span class='ocrx_word' id='word_1_70' title='bbox 1091 1172 1232 1238; x_wconf 87' lang='lat' dir='ltr'><strong>habendi</strong></span> 
     </span>
     <span class='ocr_line' id='line_1_10' title="bbox 76 1269 1229 1362; baseline -0.004 -20"><span class='ocrx_word' id='word_1_71' title='bbox 76 1277 204 1362; x_wconf 89' lang='lat' dir='ltr'><strong>cupido</strong></span> <span class='ocrx_word' id='word_1_72' title='bbox 227 1274 327 1338; x_wconf 86' lang='lat' dir='ltr'><strong>veluti</strong></span> <span class='ocrx_word' id='word_1_73' title='bbox 350 1273 447 1335; x_wconf 89' lang='lat' dir='ltr'><strong>tabes·</strong></span> <span class='ocrx_word' id='word_1_74' title='bbox 463 1271 603 1335; x_wconf 82' lang='lat' dir='ltr'><strong>incessit.</strong></span> <span class='ocrx_word' id='word_1_75' title='bbox 649 1269 763 1354; x_wconf 87' lang='lat' dir='ltr'>Neque</span> <span class='ocrx_word' id='word_1_76' title='bbox 785 1274 895 1336; x_wconf 90' lang='lat' dir='ltr'><strong>tamen</strong></span> <span class='ocrx_word' id='word_1_77' title='bbox 915 1276 1074 1357; x_wconf 85' lang='lat' dir='ltr'><strong>particula</strong></span> <span class='ocrx_word' id='word_1_78' title='bbox 1091 1279 1229 1360; x_wconf 74' lang='lat' dir='ltr'><strong>»atque«</strong></span> 
     </span>
     <span class='ocr_line' id='line_1_11' title="bbox 78 1373 1230 1464; baseline -0.001 -20"><span class='ocrx_word' id='word_1_79' title='bbox 78 1382 150 1444; x_wconf 92' lang='lat' dir='ltr'><strong>hoc</strong></span> <span class='ocrx_word' id='word_1_80' title='bbox 172 1380 243 1442; x_wconf 86' lang='lat' dir='ltr'><strong>lo&#39;co</strong></span> <span class='ocrx_word' id='word_1_81' title='bbox 265 1379 379 1440; x_wconf 88' lang='lat' dir='ltr'><strong>eontra</strong></span> <span class='ocrx_word' id='word_1_82' title='bbox 401 1375 543 1458; x_wconf 87' lang='lat' dir='ltr'><strong>optimos</strong></span> <span class='ocrx_word' id='word_1_83' title='bbox 565 1373 667 1438; x_wconf 92' lang='lat' dir='ltr'><strong>libros</strong></span> <span class='ocrx_word' id='word_1_84' title='bbox 690 1374 825 1439; x_wconf 84' lang='lat' dir='ltr'><strong>delenda</strong></span> <span class='ocrx_word' id='word_1_85' title='bbox 839 1376 976 1456; x_wconf 81' lang='lat' dir='ltr'><strong>ridetur,</strong></span> <span class='ocrx_word' id='word_1_86' title='bbox 1000 1399 1072 1440; x_wconf 92' lang='lat' dir='ltr'><strong>cum</strong></span> <span class='ocrx_word' id='word_1_87' title='bbox 1084 1379 1230 1464; x_wconf 87' lang='lat' dir='ltr'><strong>vestigiis</strong></span> 
     </span>
    </p>

    <p class='ocr_par' dir='ltr' id='par_1_4' title="bbox 77 1477 1232 2496">
     <span class='ocr_line' id='line_1_12' title="bbox 78 1477 1232 1568; baseline -0.001 -20"><span class='ocrx_word' id='word_1_88' title='bbox 78 1505 199 1548; x_wconf 87' lang='lat' dir='ltr'><strong>eorum</strong></span> <span class='ocrx_word' id='word_1_89' title='bbox 220 1483 380 1548; x_wconf 79' lang='lat' dir='ltr'><strong>instantes</strong></span> <span class='ocrx_word' id='word_1_90' title='bbox 402 1479 466 1542; x_wconf 90' lang='lat' dir='ltr'><strong>alia</strong></span> <span class='ocrx_word' id='word_1_91' title='bbox 489 1478 615 1541; x_wconf 89' lang='lat' dir='ltr'><strong>ratione</strong></span> <span class='ocrx_word' id='word_1_92' title='bbox 639 1477 744 1542; x_wconf 89' lang='lat' dir='ltr'><strong>locum</strong></span> <span class='ocrx_word' id='word_1_93' title='bbox 765 1499 878 1544; x_wconf 85' lang='lat' dir='ltr'><strong>sanare</strong></span> <span class='ocrx_word' id='word_1_94' title='bbox 891 1482 1058 1565; x_wconf 91' lang='lat' dir='ltr'><strong>possimus.</strong></span> <span class='ocrx_word' id='word_1_95' title='bbox 1096 1482 1232 1568; x_wconf 87' lang='lat' dir='ltr'><strong>Hauptii</strong></span> 
     </span>
     <span class='ocr_line' id='line_1_13' title="bbox 78 1581 1229 1665; baseline -0.004 -14"><span class='ocrx_word' id='word_1_96' title='bbox 78 1587 174 1651; x_wconf 88' lang='lat' dir='ltr'><strong>enim</strong></span> <span class='ocrx_word' id='word_1_97' title='bbox 197 1585 232 1648; x_wconf 92' lang='lat' dir='ltr'><strong>in</strong></span> <span class='ocrx_word' id='word_1_98' title='bbox 255 1583 369 1648; x_wconf 89' lang='lat' dir='ltr'><strong>Philol.</strong></span> <span class='ocrx_word' id='word_1_99' title='bbox 395 1581 457 1646; x_wconf 87' lang='lat' dir='ltr'><strong>vol.</strong></span> <span class='ocrx_word' id='word_1_100' title='bbox 482 1581 670 1663; x_wconf 82' lang='lat' dir='ltr'><strong>111p.547</strong></span> <span class='ocrx_word' id='word_1_101' title='bbox 694 1583 880 1665; x_wconf 88' lang='lat' dir='ltr'><strong>conjectura</strong></span> <span class='ocrx_word' id='word_1_102' title='bbox 903 1605 960 1648; x_wconf 75' lang='lat' dir='ltr'><strong>»ac</strong></span> <span class='ocrx_word' id='word_1_103' title='bbox 985 1585 1229 1664; x_wconf 70' lang='lat' dir='ltr'><strong>voluntates«,</strong></span> 
     </span>
     <span class='ocr_line' id='line_1_14' title="bbox 79 1685 1231 1775; baseline 0 -20"><span class='ocrx_word' id='word_1_104' title='bbox 79 1712 187 1775; x_wconf 90' lang='lat' dir='ltr'><strong>quam</strong></span> <span class='ocrx_word' id='word_1_105' title='bbox 207 1687 380 1764; x_wconf 90' lang='lat' dir='ltr'><strong>Binderus‚</strong></span> <span class='ocrx_word' id='word_1_106' title='bbox 413 1687 470 1769; x_wconf 88' lang='lat' dir='ltr'><strong>qui</strong></span> <span class='ocrx_word' id='word_1_107' title='bbox 497 1685 530 1748; x_wconf 89' lang='lat' dir='ltr'><strong>id</strong></span> <span class='ocrx_word' id='word_1_108' title='bbox 560 1685 653 1747; x_wconf 89' lang='lat' dir='ltr'><strong>illum</strong></span> <span class='ocrx_word' id='word_1_109' title='bbox 679 1686 747 1768; x_wconf 86' lang='lat' dir='ltr'><strong>jam</strong></span> <span class='ocrx_word' id='word_1_110' title='bbox 776 1687 873 1750; x_wconf 83' lang='lat' dir='ltr'><strong>scribi</strong></span> <span class='ocrx_word' id='word_1_111' title='bbox 902 1687 1040 1752; x_wconf 86' lang='lat' dir='ltr'><strong>voluisse</strong></span> <span class='ocrx_word' id='word_1_112' title='bbox 1063 1689 1231 1774; x_wconf 81' lang='lat' dir='ltr'><strong>ignorasse</strong></span> 
     </span>
     <span class='ocr_line' id='line_1_15' title="bbox 77 1787 1227 1876; baseline -0.002 -17"><span class='ocrx_word' id='word_1_113' title='bbox 77 1795 222 1870; x_wconf 77' lang='lat' dir='ltr'><strong>videtur,</strong></span> <span class='ocrx_word' id='word_1_114' title='bbox 245 1792 280 1855; x_wconf 92' lang='lat' dir='ltr'><strong>in</strong></span> <span class='ocrx_word' id='word_1_115' title='bbox 302 1790 444 1874; x_wconf 87' lang='lat' dir='ltr'><strong>ejusdem</strong></span> <span class='ocrx_word' id='word_1_116' title='bbox 462 1788 580 1854; x_wconf 90' lang='lat' dir='ltr'><strong>Philol.</strong></span> <span class='ocrx_word' id='word_1_117' title='bbox 604 1789 666 1852; x_wconf 86' lang='lat' dir='ltr'><strong>vol.</strong></span> <span class='ocrx_word' id='word_1_118' title='bbox 684 1787 760 1852; x_wconf 90' lang='lat' dir='ltr'><strong>XXI</strong></span> <span class='ocrx_word' id='word_1_119' title='bbox 774 1812 804 1873; x_wconf 92' lang='lat' dir='ltr'><strong>p.</strong></span> <span class='ocrx_word' id='word_1_120' title='bbox 822 1793 881 1855; x_wconf 89' lang='grc'><strong>162</strong></span> <span class='ocrx_word' id='word_1_121' title='bbox 903 1791 1022 1856; x_wconf 89' lang='lat' dir='ltr'><strong>iterum</strong></span> <span class='ocrx_word' id='word_1_122' title='bbox 1047 1794 1227 1876; x_wconf 82' lang='lat' dir='ltr'><strong>proposuit,</strong></span> 
     </span>
     <span class='ocr_line' id='line_1_16' title="bbox 82 1893 1230 1984; baseline -0.002 -23"><span class='ocrx_word' id='word_1_123' title='bbox 82 1917 250 1983; x_wconf 89' lang='lat' dir='ltr'><strong>quamque</strong></span> <span class='ocrx_word' id='word_1_124' title='bbox 272 1893 434 1984; x_wconf 83' lang='lat' dir='ltr'><strong>Jordanus</strong></span> <span class='ocrx_word' id='word_1_125' title='bbox 456 1893 493 1956; x_wconf 92' lang='lat' dir='ltr'><strong>in</strong></span> <span class='ocrx_word' id='word_1_126' title='bbox 516 1913 610 1955; x_wconf 89' lang='lat' dir='ltr'><strong>suum</strong></span> <span class='ocrx_word' id='word_1_127' title='bbox 630 1893 753 1975; x_wconf 90' lang='lat' dir='ltr'><strong>recepit</strong></span> <span class='ocrx_word' id='word_1_128' title='bbox 775 1895 911 1975; x_wconf 85' lang='lat' dir='ltr'><strong>textum,</strong></span> <span class='ocrx_word' id='word_1_129' title='bbox 935 1897 1048 1958; x_wconf 91' lang='lat' dir='ltr'><strong>contra</strong></span> <span class='ocrx_word' id='word_1_130' title='bbox 1070 1895 1230 1973; x_wconf 81' lang='lat' dir='ltr'><strong>Bursiani‚</strong></span> 
     </span>
     <span class='ocr_line' id='line_1_17' title="bbox 81 1995 1228 2087; baseline -0.003 -22"><span class='ocrx_word' id='word_1_131' title='bbox 81 2023 184 2087; x_wconf 88' lang='lat' dir='ltr'><strong>quem</strong></span> <span class='ocrx_word' id='word_1_132' title='bbox 206 1996 389 2063; x_wconf 89' lang='lat' dir='ltr'><strong>Dietschius</strong></span> <span class='ocrx_word' id='word_1_133' title='bbox 417 1998 545 2060; x_wconf 88' lang='lat' dir='ltr'><strong>secutus</strong></span> <span class='ocrx_word' id='word_1_134' title='bbox 567 1999 630 2073; x_wconf 86' lang='lat' dir='ltr'><strong>est,</strong></span> <span class='ocrx_word' id='word_1_135' title='bbox 661 1995 920 2061; x_wconf 89' lang='lat' dir='ltr'><strong>emendationem</strong></span> <span class='ocrx_word' id='word_1_136' title='bbox 945 2001 1035 2062; x_wconf 80' lang='lat' dir='ltr'><strong>»erat</strong></span> <span class='ocrx_word' id='word_1_137' title='bbox 1056 2021 1138 2082; x_wconf 88' lang='lat' dir='ltr'><strong>quae</strong></span> <span class='ocrx_word' id='word_1_138' title='bbox 1160 2001 1228 2068; x_wconf 76' lang='lat' dir='ltr'><strong>uti«</strong></span> 
     </span>
     <span class='ocr_line' id='line_1_18' title="bbox 82 2097 870 2186; baseline -0.009 -15"><span class='ocrx_word' id='word_1_139' title='bbox 82 2105 186 2171; x_wconf 86' lang='lat' dir='ltr'><strong>simili</strong></span> <span class='ocrx_word' id='word_1_140' title='bbox 209 2101 358 2186; x_wconf 87' lang='lat' dir='ltr'><strong>Septimii</strong></span> <span class='ocrx_word' id='word_1_141' title='bbox 381 2100 553 2164; x_wconf 87' lang='lat' dir='ltr'><strong>imitatoris</strong></span> <span class='ocrx_word' id='word_1_142' title='bbox 575 2098 647 2163; x_wconf 87' lang='lat' dir='ltr'><strong>loco</strong></span> <span class='ocrx_word' id='word_1_143' title='bbox 669 2097 870 2164; x_wconf 83' lang='lat' dir='ltr'><strong>defenditur:</strong></span> 
     </span>
     <span class='ocr_line' id='line_1_19' title="bbox 261 2205 1230 2288; baseline 0.005 -20"><span class='ocrx_word' id='word_1_144' title='bbox 261 2205 294 2270; x_wconf 93' lang='lat' dir='ltr'><strong>Il</strong></span> <span class='ocrx_word' id='word_1_145' title='bbox 317 2206 358 2268; x_wconf 83' lang='lat'><strong>22</strong></span> <span class='ocrx_word' id='word_1_146' title='bbox 390 2205 559 2288; x_wconf 79' lang='lat' dir='ltr'><strong>»reputate</strong></span> <span class='ocrx_word' id='word_1_147' title='bbox 589 2225 661 2268; x_wconf 91' lang='lat' dir='ltr'><strong>cum</strong></span> <span class='ocrx_word' id='word_1_148' title='bbox 684 2205 801 2268; x_wconf 91' lang='lat' dir='ltr'><strong>animis</strong></span> <span class='ocrx_word' id='word_1_149' title='bbox 823 2207 950 2284; x_wconf 80' lang='lat' dir='ltr'><strong>vestris,</strong></span> <span class='ocrx_word' id='word_1_150' title='bbox 982 2208 1104 2288; x_wconf 87' lang='lat' dir='ltr'><strong>quanta</strong></span> <span class='ocrx_word' id='word_1_151' title='bbox 1126 2207 1230 2273; x_wconf 83' lang='lat' dir='ltr'><strong>clades</strong></span> 
     </span>
     <span class='ocr_line' id='line_1_20' title="bbox 262 2308 1230 2394; baseline 0.002 -20"><span class='ocrx_word' id='word_1_152' title='bbox 262 2314 295 2374; x_wconf 88' lang='lat' dir='ltr'><strong>et</strong></span> <span class='ocrx_word' id='word_1_153' title='bbox 316 2309 416 2374; x_wconf 86' lang='lat' dir='ltr'><strong>veluti</strong></span> <span class='ocrx_word' id='word_1_154' title='bbox 445 2309 594 2391; x_wconf 84' lang='lat' dir='ltr'><strong>contagio</strong></span> <span class='ocrx_word' id='word_1_155' title='bbox 625 2308 757 2391; x_wconf 89' lang='lat' dir='ltr'><strong>hujusce</strong></span> <span class='ocrx_word' id='word_1_156' title='bbox 779 2311 917 2394; x_wconf 88' lang='lat' dir='ltr'><strong>exempli</strong></span> <span class='ocrx_word' id='word_1_157' title='bbox 940 2311 1049 2376; x_wconf 90' lang='lat' dir='ltr'><strong>orbem</strong></span> <span class='ocrx_word' id='word_1_158' title='bbox 1071 2315 1230 2376; x_wconf 87' lang='lat' dir='ltr'><strong>terrarum</strong></span> 
     </span>
     <span class='ocr_line' id='line_1_21' title="bbox 262 2413 553 2496; baseline -0.01 -19"><span class='ocrx_word' id='word_1_159' title='bbox 262 2413 457 2496; x_wconf 84' lang='lat' dir='ltr'><strong>occupatura</strong></span> <span class='ocrx_word' id='word_1_160' title='bbox 479 2413 553 2474; x_wconf 83' lang='lat' dir='ltr'><strong>sit«.</strong></span> 
     </span>
    </p>

    <p class='ocr_par' dir='ltr' id='par_1_5' title="bbox 176 2514 1230 2599">
     <span class='ocr_line' id='line_1_22' title="bbox 176 2514 1230 2599; baseline -0.002 -16"><span class='ocrx_word' id='word_1_161' title='bbox 176 2517 331 2583; x_wconf 85' lang='lat' dir='ltr'><strong>Similiter</strong></span> <span class='ocrx_word' id='word_1_162' title='bbox 353 2517 438 2580; x_wconf 91' lang='lat' dir='ltr'><strong>idem</strong></span> <span class='ocrx_word' id='word_1_163' title='bbox 460 2515 515 2579; x_wconf 89' lang='lat' dir='ltr'><strong>illa</strong></span> <span class='ocrx_word' id='word_1_164' title='bbox 539 2515 668 2599; x_wconf 89' lang='lat' dir='ltr'><strong>scripsit</strong></span> <span class='ocrx_word' id='word_1_165' title='bbox 684 2514 747 2578; x_wconf 82' lang='lat'><strong>117</strong></span> <span class='ocrx_word' id='word_1_166' title='bbox 772 2516 906 2579; x_wconf 80' lang='lat' dir='ltr'><strong>»auctor</strong></span> <span class='ocrx_word' id='word_1_167' title='bbox 928 2517 961 2578; x_wconf 92' lang='lat' dir='ltr'><strong>et</strong></span> <span class='ocrx_word' id='word_1_168' title='bbox 983 2516 1082 2581; x_wconf 87' lang='lat' dir='ltr'><strong>veluti</strong></span> <span class='ocrx_word' id='word_1_169' title='bbox 1102 2538 1230 2595; x_wconf 80' lang='lat' dir='ltr'><strong>causa«,</strong></span> 
     </span>
    </p>

    <p class='ocr_par' dir='ltr' id='par_1_6' title="bbox 19 2618 1232 2706">
     <span class='ocr_line' id='line_1_23' title="bbox 19 2618 1232 2706; baseline -0.002 -19"><span class='ocrx_word' id='word_1_170' title='bbox 19 2644 22 2652; x_wconf 90' lang='grc'>·</span> <span class='ocrx_word' id='word_1_171' title='bbox 84 2628 121 2689; x_wconf 89' lang='lat' dir='ltr'><strong>et</strong></span> <span class='ocrx_word' id='word_1_172' title='bbox 151 2625 220 2706; x_wconf 91' lang='lat' dir='ltr'><strong>ipse</strong></span> <span class='ocrx_word' id='word_1_173' title='bbox 243 2620 415 2686; x_wconf 82' lang='lat' dir='ltr'><strong>Sallustius</strong></span> <span class='ocrx_word' id='word_1_174' title='bbox 438 2618 506 2684; x_wconf 81' lang='lat' dir='ltr'><strong>Cat.</strong></span> <span class='ocrx_word' id='word_1_175' title='bbox 532 2621 583 2699; x_wconf 85' lang='grc'><strong>42,</strong></span> <span class='ocrx_word' id='word_1_176' title='bbox 613 2620 632 2681; x_wconf 97' lang='grc'>2</span> <span class='ocrx_word' id='word_1_177' title='bbox 667 2619 865 2683; x_wconf 77' lang='lat' dir='ltr'><strong>&gt;inconsulte</strong></span> <span class='ocrx_word' id='word_1_178' title='bbox 896 2639 932 2683; x_wconf 92' lang='lat' dir='ltr'><strong>ac</strong></span> <span class='ocrx_word' id='word_1_179' title='bbox 961 2620 1061 2684; x_wconf 84' lang='lat' dir='ltr'><strong>veluti</strong></span> <span class='ocrx_word' id='word_1_180' title='bbox 1091 2642 1147 2706; x_wconf 87' lang='lat' dir='ltr'><strong>per</strong></span> <span class='ocrx_word' id='word_1_181' title='bbox 1177 2621 1232 2685; x_wconf 91' lang='lat' dir='ltr'><strong>de-</strong></span> 
     </span>
    </p>
   </div>
   <div class='ocr_carea' id='block_1_3' title="bbox 10 2728 276 2793">
    <p class='ocr_par' dir='ltr' id='par_1_7' title="bbox 10 2728 276 2793">
     <span class='ocr_line' id='line_1_24' title="bbox 10 2728 276 2793; baseline -0.004 -4"><span class='ocrx_word' id='word_1_182' title='bbox 10 2733 15 2789; x_wconf 61' lang='lat' dir='ltr'><em>A</em></span> <span class='ocrx_word' id='word_1_183' title='bbox 85 2728 276 2793; x_wconf 78' lang='lat' dir='ltr'><strong>mentiam«.</strong></span> 
     </span>
    </p>
   </div>
   <div class='ocr_carea' id='block_1_4' title="bbox 560 2960 759 3039">
    <p class='ocr_par' dir='ltr' id='par_1_8' title="bbox 560 2960 759 3039">
     <span class='ocr_line' id='line_1_25' title="bbox 560 2960 759 3039; baseline 0.005 -17"><span class='ocrx_word' id='word_1_184' title='bbox 560 2960 628 3022; x_wconf 73' lang='lat' dir='ltr'><strong>cas.</strong></span> <span class='ocrx_word' id='word_1_185' title='bbox 652 2960 704 3039; x_wconf 82' lang='lat'><strong>54,</strong></span> <span class='ocrx_word' id='word_1_186' title='bbox 728 2961 759 3023; x_wconf 85' lang='lat'><strong>5.</strong></span> 
     </span>
    </p>
   </div>
   <div class='ocr_carea' id='block_1_5' title="bbox 10 3143 1233 4482">
    <p class='ocr_par' dir='ltr' id='par_1_9' title="bbox 11 3143 1232 3424">
     <span class='ocr_line' id='line_1_26' title="bbox 15 3143 1231 3233; baseline -0.004 -20"><span class='ocrx_word' id='word_1_187' title='bbox 15 3223 18 3230; x_wconf 17' lang='grc' dir='ltr'>Α</span> <span class='ocrx_word' id='word_1_188' title='bbox 177 3148 322 3233; x_wconf 82' lang='lat' dir='ltr'><strong>Scriptor</strong></span> <span class='ocrx_word' id='word_1_189' title='bbox 352 3167 457 3212; x_wconf 89' lang='lat' dir='ltr'><strong>mores</strong></span> <span class='ocrx_word' id='word_1_190' title='bbox 480 3143 515 3210; x_wconf 82' lang='lat' dir='ltr'><strong>O.</strong></span> <span class='ocrx_word' id='word_1_191' title='bbox 537 3145 681 3210; x_wconf 80' lang='lat' dir='ltr'><strong>Caesaris</strong></span> <span class='ocrx_word' id='word_1_192' title='bbox 711 3148 744 3209; x_wconf 89' lang='lat' dir='ltr'><strong>et</strong></span> <span class='ocrx_word' id='word_1_193' title='bbox 767 3145 809 3210; x_wconf 90' lang='lat' dir='ltr'><strong>M.</strong></span> <span class='ocrx_word' id='word_1_194' title='bbox 835 3145 970 3211; x_wconf 85' lang='lat' dir='ltr'><strong>Catonis</strong></span> <span class='ocrx_word' id='word_1_195' title='bbox 991 3147 1077 3212; x_wconf 91' lang='lat' dir='ltr'><strong>inter</strong></span> <span class='ocrx_word' id='word_1_196' title='bbox 1099 3169 1133 3212; x_wconf 89' lang='lat' dir='ltr'><strong>se</strong></span> <span class='ocrx_word' id='word_1_197' title='bbox 1155 3167 1231 3211; x_wconf 88' lang='lat' dir='ltr'><strong>cen-</strong></span> 
     </span>
     <span class='ocr_line' id='line_1_27' title="bbox 11 3248 1232 3336; baseline -0.002 -19"><span class='ocrx_word' id='word_1_198' title='bbox 11 3260 27 3317; x_wconf 73' lang='lat' dir='ltr'><strong>t</strong></span> <span class='ocrx_word' id='word_1_199' title='bbox 86 3256 197 3320; x_wconf 85' lang='lat' dir='ltr'><strong>ferens</strong></span> <span class='ocrx_word' id='word_1_200' title='bbox 219 3253 311 3318; x_wconf 89' lang='lat' dir='ltr'><strong>illum</strong></span> <span class='ocrx_word' id='word_1_201' title='bbox 333 3252 454 3336; x_wconf 85' lang='lat' dir='ltr'><strong>gloriae</strong></span> <span class='ocrx_word' id='word_1_202' title='bbox 477 3249 696 3316; x_wconf 85' lang='lat' dir='ltr'><strong>avidissimum</strong></span> <span class='ocrx_word' id='word_1_203' title='bbox 719 3248 817 3316; x_wconf 87' lang='lat' dir='ltr'><strong>fuisse</strong></span> <span class='ocrx_word' id='word_1_204' title='bbox 841 3250 930 3330; x_wconf 88' lang='lat' dir='ltr'><strong>dicit,</strong></span> <span class='ocrx_word' id='word_1_205' title='bbox 953 3249 1038 3318; x_wconf 91' lang='lat' dir='ltr'><strong>huno</strong></span> <span class='ocrx_word' id='word_1_206' title='bbox 1055 3272 1232 3334; x_wconf 88' lang='lat' dir='ltr'><strong>essequam</strong></span> 
     </span>
     <span class='ocr_line' id='line_1_28' title="bbox 87 3355 516 3424; baseline -0.016 1"><span class='ocrx_word' id='word_1_207' title='bbox 87 3358 191 3424; x_wconf 86' lang='lat' dir='ltr'><strong>videri</strong></span> <span class='ocrx_word' id='word_1_208' title='bbox 212 3357 335 3422; x_wconf 92' lang='lat' dir='ltr'><strong>bonum</strong></span> <span class='ocrx_word' id='word_1_209' title='bbox 356 3355 516 3422; x_wconf 90' lang='lat' dir='ltr'><strong>maluisse.</strong></span> 
     </span>
    </p>

    <p class='ocr_par' dir='ltr' id='par_1_10' title="bbox 10 3457 1233 4482">
     <span class='ocr_line' id='line_1_29' title="bbox 179 3457 1232 3544; baseline 0.002 -24"><span class='ocrx_word' id='word_1_210' title='bbox 179 3459 248 3525; x_wconf 73' lang='lat' dir='ltr'><strong>»Ita</strong></span> <span class='ocrx_word' id='word_1_211' title='bbox 270 3480 335 3544; x_wconf 90' lang='lat' dir='ltr'><strong>quo</strong></span> <span class='ocrx_word' id='word_1_212' title='bbox 358 3459 464 3523; x_wconf 92' lang='lat' dir='ltr'><strong>minus</strong></span> <span class='ocrx_word' id='word_1_213' title='bbox 487 3459 621 3543; x_wconf 88' lang='lat' dir='ltr'><strong>petebat</strong></span> <span class='ocrx_word' id='word_1_214' title='bbox 633 3458 782 3541; x_wconf 86' lang='lat' dir='ltr'><strong>gloriam,</strong></span> <span class='ocrx_word' id='word_1_215' title='bbox 805 3478 843 3522; x_wconf 88' lang='lat' dir='ltr'><strong>eo</strong></span> <span class='ocrx_word' id='word_1_216' title='bbox 858 3458 962 3543; x_wconf 87' lang='lat' dir='ltr'><strong>magis</strong></span> <span class='ocrx_word' id='word_1_217' title='bbox 977 3457 1067 3522; x_wconf 91' lang='lat' dir='ltr'><strong>illum</strong></span> <span class='ocrx_word' id='word_1_218' title='bbox 1085 3479 1232 3540; x_wconf 87' lang='lat' dir='ltr'><strong>asseque-</strong></span> 
     </span>
     <span class='ocr_line' id='line_1_30' title="bbox 15 3561 1232 3646; baseline -0.005 -14"><span class='ocrx_word' id='word_1_219' title='bbox 15 3619 26 3632; x_wconf 15' lang='grc' dir='ltr'><strong>,η</strong></span> <span class='ocrx_word' id='word_1_220' title='bbox 87 3569 222 3646; x_wconf 78' lang='lat' dir='ltr'><strong>batur«,</strong></span> <span class='ocrx_word' id='word_1_221' title='bbox 252 3566 297 3628; x_wconf 88' lang='lat' dir='ltr'><strong>sic</strong></span> <span class='ocrx_word' id='word_1_222' title='bbox 326 3563 362 3628; x_wconf 90' lang='lat' dir='ltr'><strong>P.</strong></span> <span class='ocrx_word' id='word_1_223' title='bbox 395 3562 448 3627; x_wconf 87' lang='lat' dir='ltr'><strong>P.¹</strong></span> <span class='ocrx_word' id='word_1_224' title='bbox 482 3584 539 3626; x_wconf 76' lang='lat' dir='ltr'><strong>»eo</strong></span> <span class='ocrx_word' id='word_1_225' title='bbox 569 3563 673 3646; x_wconf 84' lang='lat' dir='ltr'><strong>magis</strong></span> <span class='ocrx_word' id='word_1_226' title='bbox 703 3562 793 3626; x_wconf 90' lang='lat' dir='ltr'><strong>illam</strong></span> <span class='ocrx_word' id='word_1_227' title='bbox 825 3563 1073 3646; x_wconf 75' lang='lat' dir='ltr'><strong>assequebatur«</strong></span> <span class='ocrx_word' id='word_1_228' title='bbox 1104 3561 1157 3626; x_wconf 67' lang='grc' dir='ltr'><strong>Ρ.2</strong></span> <span class='ocrx_word' id='word_1_229' title='bbox 1178 3561 1232 3627; x_wconf 79' lang='grc' dir='ltr'><strong>Ρ.3</strong></span> 
     </span>
     <span class='ocr_line' id='line_1_31' title="bbox 16 3665 1231 3752; baseline 0.001 -24"><span class='ocrx_word' id='word_1_230' title='bbox 16 3679 24 3728; x_wconf 62' lang='lat' dir='ltr'><strong>s:</strong></span> <span class='ocrx_word' id='word_1_231' title='bbox 90 3669 324 3752; x_wconf 80' lang='lat' dir='ltr'><strong>»sequabatur«</strong></span> <span class='ocrx_word' id='word_1_232' title='bbox 359 3689 443 3732; x_wconf 90' lang='lat' dir='ltr'><strong>nnus</strong></span> <span class='ocrx_word' id='word_1_233' title='bbox 466 3687 505 3732; x_wconf 85' lang='lat' dir='ltr'><strong>ex</strong></span> <span class='ocrx_word' id='word_1_234' title='bbox 527 3665 562 3732; x_wconf 82' lang='lat'><strong>0.</strong></span> <span class='ocrx_word' id='word_1_235' title='bbox 593 3688 651 3731; x_wconf 85' lang='lat' dir='ltr'><strong>»eo</strong></span> <span class='ocrx_word' id='word_1_236' title='bbox 681 3667 772 3730; x_wconf 88' lang='lat' dir='ltr'><strong>illum</strong></span> <span class='ocrx_word' id='word_1_237' title='bbox 803 3666 906 3748; x_wconf 88' lang='lat' dir='ltr'><strong>magis</strong></span> <span class='ocrx_word' id='word_1_238' title='bbox 928 3665 1139 3749; x_wconf 77' lang='lat' dir='ltr'><strong>sequebatur«</strong></span> <span class='ocrx_word' id='word_1_239' title='bbox 1164 3665 1231 3729; x_wconf 86' lang='lat' dir='ltr'><strong>Au·</strong></span> 
     </span>
     <span class='ocr_line' id='line_1_32' title="bbox 87 3769 1232 3856; baseline -0.001 -20"><span class='ocrx_word' id='word_1_240' title='bbox 87 3773 207 3856; x_wconf 85' lang='lat' dir='ltr'><strong>gustin.</strong></span> <span class='ocrx_word' id='word_1_241' title='bbox 230 3773 280 3837; x_wconf 87' lang='lat' dir='ltr'><strong>civ</strong></span> <span class='ocrx_word' id='word_1_242' title='bbox 303 3771 366 3836; x_wconf 89' lang='lat' dir='ltr'><strong>Dei</strong></span> <span class='ocrx_word' id='word_1_243' title='bbox 388 3771 485 3837; x_wconf 86' lang='lat' dir='ltr'>V12.</span> <span class='ocrx_word' id='word_1_244' title='bbox 510 3770 623 3836; x_wconf 86' lang='lat' dir='ltr'><strong>-Ac</strong></span> <span class='ocrx_word' id='word_1_245' title='bbox 654 3771 794 3855; x_wconf 88' lang='lat' dir='ltr'><strong>primum</strong></span> <span class='ocrx_word' id='word_1_246' title='bbox 818 3769 946 3852; x_wconf 90' lang='lat' dir='ltr'><strong>quidem</strong></span> <span class='ocrx_word' id='word_1_247' title='bbox 969 3771 1103 3834; x_wconf 86' lang='lat' dir='ltr'><strong>verbum</strong></span> <span class='ocrx_word' id='word_1_248' title='bbox 1127 3791 1232 3835; x_wconf 82' lang='lat' dir='ltr'><strong>»asse-</strong></span> 
     </span>
     <span class='ocr_line' id='line_1_33' title="bbox 10 3878 1230 3964; baseline 0 -23"><span class='ocrx_word' id='word_1_249' title='bbox 10 3904 32 3941; x_wconf 72' lang='lat' dir='ltr'><strong>o</strong></span> <span class='ocrx_word' id='word_1_250' title='bbox 89 3901 190 3964; x_wconf 74' lang='lat' dir='ltr'><strong>quor«</strong></span> <span class='ocrx_word' id='word_1_251' title='bbox 213 3879 287 3945; x_wconf 90' lang='lat' dir='ltr'><strong>huic</strong></span> <span class='ocrx_word' id='word_1_252' title='bbox 311 3879 393 3957; x_wconf 77' lang='lat' dir='ltr'><strong>loco,</strong></span> <span class='ocrx_word' id='word_1_253' title='bbox 417 3901 481 3962; x_wconf 91' lang='lat' dir='ltr'><strong>quo</strong></span> <span class='ocrx_word' id='word_1_254' title='bbox 505 3879 543 3944; x_wconf 91' lang='lat' dir='ltr'><strong>de</strong></span> <span class='ocrx_word' id='word_1_255' title='bbox 566 3880 674 3964; x_wconf 86' lang='lat' dir='ltr'><strong>spreta</strong></span> <span class='ocrx_word' id='word_1_256' title='bbox 686 3878 788 3962; x_wconf 83' lang='lat' dir='ltr'><strong>gloria</strong></span> <span class='ocrx_word' id='word_1_257' title='bbox 803 3878 921 3962; x_wconf 83' lang='lat' dir='ltr'><strong>agitur,</strong></span> <span class='ocrx_word' id='word_1_258' title='bbox 947 3878 1052 3942; x_wconf 88' lang='lat' dir='ltr'><strong>minus</strong></span> <span class='ocrx_word' id='word_1_259' title='bbox 1068 3879 1230 3955; x_wconf 87' lang='lat' dir='ltr'><strong>convenit,</strong></span> 
     </span>
     <span class='ocr_line' id='line_1_34' title="bbox 89 3981 1231 4067; baseline -0.003 -18"><span class='ocrx_word' id='word_1_260' title='bbox 89 3985 165 4067; x_wconf 87' lang='lat' dir='ltr'><strong>quia</strong></span> <span class='ocrx_word' id='word_1_261' title='bbox 187 3984 355 4048; x_wconf 91' lang='lat' dir='ltr'><strong>notionem</strong></span> <span class='ocrx_word' id='word_1_262' title='bbox 376 3984 497 4048; x_wconf 89' lang='lat' dir='ltr'><strong>laboris</strong></span> <span class='ocrx_word' id='word_1_263' title='bbox 519 3981 704 4066; x_wconf 87' lang='lat' dir='ltr'><strong>adjunctam</strong></span> <span class='ocrx_word' id='word_1_264' title='bbox 726 3983 834 4062; x_wconf 86' lang='lat' dir='ltr'><strong>habet,</strong></span> <span class='ocrx_word' id='word_1_265' title='bbox 857 3983 905 4046; x_wconf 90' lang='lat' dir='ltr'><strong>ita</strong></span> <span class='ocrx_word' id='word_1_266' title='bbox 927 3981 1041 4050; x_wconf 84' lang='lat' dir='ltr'><strong>utfere</strong></span> <span class='ocrx_word' id='word_1_267' title='bbox 1057 3983 1231 4067; x_wconf 86' lang='lat' dir='ltr'><strong>significet:</strong></span> 
     </span>
     <span class='ocr_line' id='line_1_35' title="bbox 89 4086 1232 4178; baseline -0.003 -25"><span class='ocrx_word' id='word_1_268' title='bbox 89 4089 337 4178; x_wconf 82' lang='lat' dir='ltr'><strong>contendentem</strong></span> <span class='ocrx_word' id='word_1_269' title='bbox 360 4086 481 4170; x_wconf 91' lang='lat' dir='ltr'><strong>aliquid</strong></span> <span class='ocrx_word' id='word_1_270' title='bbox 503 4087 638 4170; x_wconf 88' lang='lat' dir='ltr'><strong>adipisci</strong></span> <span class='ocrx_word' id='word_1_271' title='bbox 661 4087 711 4152; x_wconf 89' lang='lat' dir='ltr'><strong>vel</strong></span> <span class='ocrx_word' id='word_1_272' title='bbox 734 4087 773 4150; x_wconf 89' lang='lat' dir='ltr'><strong>ad</strong></span> <span class='ocrx_word' id='word_1_273' title='bbox 796 4086 893 4150; x_wconf 88' lang='lat' dir='ltr'><strong>finem</strong></span> <span class='ocrx_word' id='word_1_274' title='bbox 915 4087 963 4152; x_wconf 88' lang='lat' dir='ltr'><strong>rei</strong></span> <span class='ocrx_word' id='word_1_275' title='bbox 985 4087 1145 4172; x_wconf 84' lang='lat' dir='ltr'><strong>expetitae</strong></span> <span class='ocrx_word' id='word_1_276' title='bbox 1160 4109 1232 4170; x_wconf 90' lang='lat' dir='ltr'><strong>per-</strong></span> 
     </span>
     <span class='ocr_line' id='line_1_36' title="bbox 92 4190 1232 4277; baseline -0.003 -18"><span class='ocrx_word' id='word_1_277' title='bbox 92 4194 200 4259; x_wconf 87' lang='lat' dir='ltr'><strong>venire</strong></span> <span class='ocrx_word' id='word_1_278' title='bbox 229 4191 285 4256; x_wconf 87' lang='lat' dir='ltr'><strong>cfr.</strong></span> <span class='ocrx_word' id='word_1_279' title='bbox 310 4190 383 4274; x_wconf 81' lang='lat' dir='ltr'><strong>Jug.</strong></span> <span class='ocrx_word' id='word_1_280' title='bbox 407 4193 443 4269; x_wconf 85' lang='lat'><strong>4,</strong></span> <span class='ocrx_word' id='word_1_281' title='bbox 474 4192 495 4255; x_wconf 90' lang='grc'>4</span> <span class='ocrx_word' id='word_1_282' title='bbox 530 4193 606 4274; x_wconf 79' lang='lat' dir='ltr'><strong>»qui</strong></span> <span class='ocrx_word' id='word_1_283' title='bbox 637 4192 664 4256; x_wconf 92' lang='lat' dir='ltr'><strong>si</strong></span> <span class='ocrx_word' id='word_1_284' title='bbox 696 4192 936 4275; x_wconf 83' lang='lat' dir='ltr'><strong>reputaverint,</strong></span> <span class='ocrx_word' id='word_1_285' title='bbox 971 4194 1005 4257; x_wconf 90' lang='lat' dir='ltr'><strong>et</strong></span> <span class='ocrx_word' id='word_1_286' title='bbox 1034 4191 1150 4275; x_wconf 89' lang='lat' dir='ltr'><strong>quibus</strong></span> <span class='ocrx_word' id='word_1_287' title='bbox 1172 4213 1232 4277; x_wconf 85' lang='lat' dir='ltr'><strong>ego</strong></span> 
     </span>
     <span class='ocr_line' id='line_1_37' title="bbox 10 4294 1233 4385; baseline 0 -25"><span class='ocrx_word' id='word_1_288' title='bbox 10 4332 34 4379; x_wconf 56' lang='lat' dir='ltr'><strong>pp</strong></span> <span class='ocrx_word' id='word_1_289' title='bbox 92 4295 291 4385; x_wconf 81' lang='lat' dir='ltr'><strong>temppribus</strong></span> <span class='ocrx_word' id='word_1_290' title='bbox 314 4295 521 4378; x_wconf 84' lang='lat' dir='ltr'><strong>magistratus</strong></span> <span class='ocrx_word' id='word_1_291' title='bbox 543 4294 679 4379; x_wconf 88' lang='lat' dir='ltr'><strong>adeptus</strong></span> <span class='ocrx_word' id='word_1_292' title='bbox 703 4317 783 4372; x_wconf 84' lang='lat' dir='ltr'><strong>sum,</strong></span> <span class='ocrx_word' id='word_1_293' title='bbox 806 4295 917 4377; x_wconf 90' lang='lat' dir='ltr'><strong>quales</strong></span> <span class='ocrx_word' id='word_1_294' title='bbox 932 4296 995 4359; x_wconf 88' lang='lat' dir='ltr'><strong>viri</strong></span> <span class='ocrx_word' id='word_1_295' title='bbox 1004 4295 1089 4360; x_wconf 89' lang='lat' dir='ltr'><strong>idem</strong></span> <span class='ocrx_word' id='word_1_296' title='bbox 1101 4295 1233 4379; x_wconf 87' lang='lat' dir='ltr'><strong>adsequi</strong></span> 
     </span>
     <span class='ocr_line' id='line_1_38' title="bbox 91 4397 1233 4482; baseline -0.002 -18"><span class='ocrx_word' id='word_1_297' title='bbox 91 4397 306 4482; x_wconf 84' lang='lat' dir='ltr'><strong>nequiverint,</strong></span> <span class='ocrx_word' id='word_1_298' title='bbox 330 4401 363 4463; x_wconf 91' lang='lat' dir='ltr'><strong>et</strong></span> <span class='ocrx_word' id='word_1_299' title='bbox 385 4399 498 4482; x_wconf 86' lang='lat' dir='ltr'><strong>postea</strong></span> <span class='ocrx_word' id='word_1_300' title='bbox 515 4400 596 4462; x_wconf 84' lang='lat' dir='ltr'><strong>oet«.</strong></span> <span class='ocrx_word' id='word_1_301' title='bbox 643 4397 843 4482; x_wconf 79' lang='lat' dir='ltr'><strong>Scriptorum</strong></span> <span class='ocrx_word' id='word_1_302' title='bbox 868 4400 1102 4482; x_wconf 79' lang='lat' dir='ltr'><strong>»sequebatur«</strong></span> <span class='ocrx_word' id='word_1_303' title='bbox 1126 4401 1233 4465; x_wconf 89' lang='lat' dir='ltr'><strong>autem</strong></span> 
     </span>
    </p>
   </div>
   <div class='ocr_carea' id='block_1_6' title="bbox 0 0 1491 4978">
    <p class='ocr_par' dir='ltr' id='par_1_11' title="bbox 0 0 1491 4978">
     <span class='ocr_line' id='line_1_39' title="bbox 0 0 1491 4978; baseline 0 0"><span class='ocrx_word' id='word_1_304' title='bbox 0 0 1491 4978; x_wconf 95' lang='lat' dir='ltr'><strong> </strong></span> 
     </span>
    </p>
   </div>
  </div>
 </body>
</html>
