2926 4978
783 299 804 376 8

225 478 371 548 Tacitum
393 500 410 542 e
431 475 583 542 Sallustio
605 471 772 538 emendare
795 469 938 536 videmus
960 469 994 531 in
1016 465 1133 531 Philol.
1157 465 1220 530 vol.
1237 463 1359 543 XXVI,

189 606 191 619 ¹
224 609 256 670 p.
288 585 347 648 127
381 604 468 666 sequ.
501 584 534 645 et
563 578 757 662 Benaysium
789 576 845 660 qui
874 575 909 638 in
937 572 1020 638 Mus.
1047 571 1152 638 Rhen.
1182 571 1245 636 vol.
1268 570 1358 654 XVI,

225 714 257 775 p.
282 690 362 768 317,
393 685 544 752 Severum
574 685 654 750 locis
676 681 879 746 Sallustianis
912 677 1065 744 adhibitis
1093 699 1205 744 sanare
1226 680 1362 744 conatus

225 794 283 857 est.
338 773 385 855 dt
424 795 552 856 contra.
569 791 697 875 practer
726 783 973 851 Wiedemanum
1014 782 1085 869 (cfr.
1119 781 1238 848 Philol.
1274 782 1361 865 XIX,

225 921 256 982 p.
275 898 458 982 154-155)
480 918 574 962 nemo
596 895 630 958 ni
652 893 748 957 fallor
762 891 895 968 exstitit,
918 890 974 974 qui
992 890 1188 956 contrariam
1201 891 1362 955 rationem

223 1003 387 1088 ingressus
404 1004 492 1068 vitiis
513 1003 569 1080 eis,
592 1000 709 1085 quibus
731 998 800 1083 ipse
823 998 971 1082 aegrotat
986 995 1166 1076 Sallustius,
1189 996 1364 1060 imitatori-

225 1107 462 1192 bustamquam
485 1106 616 1172 medicis
630 1104 789 1169 arcessitis
812 1102 934 1166 mederi
948 1101 1134 1166 instituerit.
1180 1100 1267 1175 Quae
1289 1121 1362 1166 cunr

223 1212 271 1275 ita
293 1214 368 1290 sint,
391 1213 537 1296 quamvis
559 1211 647 1276 intra
669 1209 774 1294 prima
796 1229 855 1272 noe
878 1209 1018 1271 staturos
1040 1207 1134 1270 initia
1156 1226 1260 1294 neque
1277 1206 1361 1274 vires

224 1316 271 1380 rai
305 1317 520 1400 magnitudini
551 1315 740 1380 suffecturas
770 1314 851 1377 baua
883 1310 1138 1388 meminerimus,
1173 1313 1300 1392 tamen,
1332 1313 1361 1376 si

224 1422 442 1506 quaestionem
464 1422 498 1486 in
514 1419 551 1484 Ιι.
565 1419 721 1504 Septimio
744 1421 777 1482 et
792 1415 934 1502 Sulpicio
956 1415 1072 1482 Severo
1095 1418 1360 1496 continuerimus,
1451 1413 1452 1418 ’

222 1524 289 1590 fore
320 1546 499 1609 speramus,
529 1528 566 1588 ut
595 1545 654 1609 pro
685 1521 770 1586 virili
798 1521 928 1605 quidem
955 1521 1103 1605 portione
1125 1520 1165 1586 ad
1187 1543 1255 1586 rem
1277 1520 1362 1587 diiii-

223 1627 366 1692 ciliorem
396 1629 624 1712 expediendam
646 1625 857 1692 conferamus.
903 1623 972 1700 Quo
995 1626 1029 1689 in
1053 1625 1184 1708 negotio
1207 1627 1360 1709 quoniam
1452 1629 1453 1650 ³

221 1733 373 1812 interest,
407 1754 466 1797 nos
491 1733 678 1796 uuiversum
707 1731 850 1794 locorum
872 1727 1142 1792 Sallustianorum
1173 1751 1254 1813 quos
1287 1729 1361 1794 imi·

221 1839 341 1901 tatores
363 1837 436 1901 illos
458 1840 534 1900 ante
554 1836 663 1900 oculos
677 1834 827 1898 habuisse
840 1833 996 1917 suspicari
1011 1854 1178 1916 possumus
1191 1855 1361 1899 numerum

221 1961 414 2026 cognoscere
443 1945 540 2025 atqua
567 1941 604 2004 iu
626 1961 691 2004 uno
714 1941 889 2023 conspectu
910 1938 1050 2022 positum
1074 1937 1282 2023 perlustrare,
1313 1939 1360 2002 ita
1454 1989 1455 2034 ἐ

221 2070 289 2114 rem
323 2050 545 2127 instituemus,
576 2051 613 2112 ut
643 2048 767 2112 cunctis
790 2047 924 2112 Sallusti
954 2047 1047 2124 locis,
1078 2068 1216 2131 quorum
1238 2048 1359 2114 similes

220 2155 305 2240 apud
335 2155 513 2220 imitatores
542 2157 761 2240 reperiuntur,
790 2155 824 2217 in
854 2155 958 2237 prima
983 2175 1109 2238 quaque
1140 2154 1261 2238 pagina
1283 2174 1361 2220 con·

220 2260 362 2344 scriptis,
393 2260 427 2324 in
457 2262 596 2326 secunda
618 2259 779 2344 Septimii,
813 2260 847 2322 in
879 2260 977 2324 tertia
999 2257 1109 2324 Severi
1131 2262 1359 2344 consignemus

217 2366 424 2431 imitationes.
469 2366 635 2446 Ceterum,
680 2387 874 2450 quamquam
903 2365 971 2448 jam
1006 2364 1151 2429 (lortium
1186 2369 1359 2450 utrumque

218 2470 413 2536 imitatorem
425 2493 651 2556 saepenumero
664 2474 849 2555 respexisse,
863 2469 1075 2553 Bernaysium
1091 2471 1125 2535 in
1141 2471 1359 2555 disputatione
1456 2505 1457 2532 l

219 2597 276 2639 sua
299 2597 395 2658 quam
418 2597 514 2661 snpra
535 2577 734 2640 laudavimus
748 2577 871 2661 (annot.
884 2576 939 2660 50)
953 2575 1102 2640 Severum
1119 2599 1191 2642 cum
1206 2575 1359 2642 Sallustio

219 2681 402 2757 contulisse,
427 2682 529 2746 multo
552 2681 660 2765 plures
681 2681 769 2746 locos
792 2680 1004 2745 Sallustianos
1026 2684 1059 2746 et
1082 2682 1300 2748 Dederiohum
1322 2685 1358 2750 in

219 2785 359 2849 editione
393 2783 540 2868 Septimii
574 2808 604 2868 p.
641 2785 813 2849 241-2378
850 2788 883 2848 et
916 2783 1102 2850 Meistcrum
1135 2808 1165 2870 p.
1200 2787 1358 2854 Vlll-X
1455 2795 1457 2846 ἵ

217 2889 381 2972 collegisse
410 2911 475 2953 uon
504 2889 709 2972 ignorabam,
740 2894 866 2967 tamen,
899 2891 975 2974 quia
996 2892 1100 2955 multa
1127 2893 1223 2956 etiam
1246 2893 1287 2956 ab
1311 2894 1357 2958 eis

218 2994 335 3060 omissa
361 3015 427 3057 esse
449 2994 606 3071 videbam,
639 3015 706 3060 non
738 2995 864 3078 peperci
888 2994 991 3058 labori
1013 3016 1094 3072 meo,
1124 2996 1203 3078 quin
1225 3000 1359 3064 cunctos

217 3100 319 3176 locos,
351 3099 468 3182 quibus
497 3100 624 3182 singula
646 3119 727 3182 quae
750 3098 921 3164 Sallustius
944 3099 1111 3184 usurpavit
1133 3102 1244 3180 verba,
1276 3104 1356 3186 quot

218 3202 345 3288 quidem
375 3204 409 3266 in
439 3202 542 3266 iudice
565 3202 773 3268 Dietschiano
797 3203 914 3268 collata
936 3206 1027 3282 suut,
1056 3206 1154 3269 etiam
1177 3207 1261 3290 apud
1283 3208 1355 3272 imi-

217 3311 337 3372 tatores
359 3309 574 3391 reperiuntur,
597 3308 838 3392 perscriberem,
861 3307 1065 3393 perfectoque
1078 3312 1208 3396 negotio
1222 3313 1355 3378 molesto
1456 3383 1457 3390 χ

216 3413 377 3496 taediique
400 3411 506 3496 plene,
529 3433 602 3476 oum
624 3413 730 3479 denuo
746 3412 935 3478 Sallustium
956 3415 1139 3492 tractarem,
1162 3416 1198 3479 in
1219 3417 1357 3501 singulis

216 3517 285 3601 ejus
308 3517 431 3596 verbis,
467 3539 576 3582 noune
608 3518 706 3582 simili
736 3521 889 3584 contextu
921 3520 962 3584 ab
994 3514 1213 3585 imitatoribus
1249 3522 1356 3605 posita

217 3626 339 3700 essent,
379 3625 605 3708 perscrutarer.
659 3621 756 3707 Cujus
790 3623 926 3701 laboris,
967 3624 994 3689 si
1027 3626 1168 3710 contigit
1201 3624 1283 3688 mihi
1316 3627 1356 3689 ut

215 3749 383 3792 numerum
417 3727 638 3812 exemplorum
671 3748 840 3813 augerem,
882 3730 961 3794 satis
994 3749 1144 3813 magnum
1174 3730 1354 3815 percepisse

215 3832 296 3898 mihi
318 3833 428 3898 videor
449 3831 602 3898 fructum.
610 3832 641 3918 1)

304 4119 330 4194 *l
355 4121 483 4178 Editioue
501 4120 611 4179 Sallusti
628 4122 804 4179 Dictschiana
822 4125 905 4194 (Lipa
926 4127 1016 4195 lana),
1040 4125 1213 4184 Maistariana
1229 4127 1355 4198 Septimii

215 4209 302 4282 (Lips.
323 4211 412 4282 1872),
431 4211 575 4268 Halmiana
592 4212 685 4269 Severi
701 4213 869 4283 (Vindobon.
890 4214 968 4282 1866)
987 4215 1029 4270 usi
1045 4232 1148 4270 sumus.
