2926 4978
99 3151 107 3162 ‚
236 3111 372 3173 quarum
393 3090 490 3153 lectio
505 3087 702 3152 »discordie«
716 3108 791 3152 rere
813 3109 880 3152 esse
893 3087 1030 3164 videtur,
1059 3087 1251 3153 defendatur
1271 3093 1385 3175 atque,
1431 3073 1432 3128 l

793 212 834 275 52

241 404 316 450 casu
338 384 401 448 nisi
422 371 527 463 causa,
551 403 614 465 qna
636 383 761 447 animos
783 383 929 446 intentus
951 384 1027 463 fiat,
1058 387 1247 470 appelletur.
1295 383 1388 458 Quae

242 510 314 553 cum
336 490 383 552 ita
405 489 479 565 sint,
502 488 602 553 verba
627 486 755 570 »aliquo
768 488 920 570 negotio«
940 492 996 551 aut
1007 489 1185 555 ablativum
1201 487 1389 555 absolutum

242 616 309 658 esse
338 593 534 668 statuerunt,
565 594 621 655 aut
650 591 828 655 ablativum
852 591 1000 674 »aliquo«
1028 615 1068 657 ex
1088 593 1195 658 dativo
1219 593 1386 675 »aliquoi«

242 701 430 783 corruptum
459 717 527 762 esse
557 697 713 780 suspicati
742 697 818 760 suut
850 696 907 760 cfr.
941 696 1090 762 Frdhuer
1121 699 1154 762 iu
1176 697 1295 762 Philol.
1320 697 1388 760 vol.

241 803 304 870 XV
325 826 357 887 p.
381 801 453 865 291.
503 799 603 874 Quem
638 821 747 864 casum
778 820 845 864 non
879 801 973 865 modo
1006 803 1167 886 superflue
1200 803 1291 878 addi,
1329 802 1388 864 sed

241 907 385 971 additum
408 905 504 969 etiam
525 905 626 968 totius
647 903 711 968 loci
732 925 860 968 sensum
883 905 1053 970 obscurare
1074 906 1255 971 Dietschius
1270 928 1300 989 p.
1324 905 1388 967 100

240 1012 328 1075 recte
350 1009 510 1074 monuisse
534 1008 667 1072 videtur.
713 1008 802 1072 Idem
825 1007 967 1071 ablativa
992 1010 1119 1093 »aliquo
1143 1011 1295 1092 negotio«
1308 1030 1388 1071 cum

240 1115 339 1180 verbo
364 1097 529 1197 ›quaerit‹
553 1112 779 1196 conjungenda
801 1132 870 1176 esse
889 1113 1057 1194 judicavit,
1080 1114 1132 1177 eui
1145 1113 1327 1178 sententiae
1346 1135 1387 1176 eo

240 1219 376 1283 maxime
394 1236 617 1301 permovemur
639 1218 676 1279 ut
698 1215 893 1297 accedamus,
916 1216 1078 1299 quodjam
1089 1215 1225 1280 Severus
1236 1217 1387 1280 imitator

240 1325 286 1387 itu
317 1323 425 1387 locum
451 1319 647 1383 intellexisse
678 1318 804 1383 videtur
826 1317 860 1382 O.
885 1318 902 1382 Ι
924 1320 953 1396 4,
982 1320 1001 1382 5
1034 1319 1106 1382 »his
1136 1341 1223 1384 more
1247 1319 1386 1382 humani

239 1426 364 1510 ingenii
386 1423 555 1488 eonsilium
578 1422 649 1500 luit,
673 1423 794 1506 insigni
816 1423 925 1505 aliquo
948 1444 1044 1506 opere
1062 1423 1181 1486 famam
1195 1444 1385 1507 quaerere«.

240 1528 342 1603 Quem
371 1528 477 1591 locum
501 1527 569 1609 jam
593 1526 862 1591 Wiedemanuum
891 1527 926 1589 in
950 1526 1066 1590 Philol.
1089 1526 1142 1591 vol
1164 1526 1241 1596 XIX
1262 1549 1293 1610 p.
1321 1527 1386 1589 154

240 1632 462 1717 perscripsisse
491 1629 574 1693 bene
608 1629 737 1712 quidem
769 1630 996 1706 memineram,
1028 1651 1134 1712 neque
1157 1632 1266 1694 tamen
1289 1651 1387 1714 prae-

239 1736 435 1800 tereundum
457 1733 622 1818 putabam,
653 1754 694 1796 ne
718 1732 795 1813 quid
817 1732 891 1797 huie
913 1733 1033 1814 libello,
1056 1734 1179 1816 quode
1202 1733 1387 1797 imitatione

242 1839 438 1904 Sallustiana
460 1837 653 1912 disserimus,
676 1836 811 1899 deesset.

660 2008 664 2016 ’
722 2020 789 2086 cae.
816 2023 845 2100 5,
869 2023 898 2084 2.

327 2156 429 2221 »Huic
444 2155 629 2242 (Catilinae)
651 2155 692 2219 ab
715 2155 932 2219 adulescentia
954 2155 1038 2219 bella
1061 2157 1226 2235 intestina,
1250 2158 1379 2234 caedes,

237 2262 380 2346 rapinae,
404 2260 561 2324 discordia
581 2258 684 2322 civilis
706 2260 800 2342 grata
819 2257 918 2333 fuere,
941 2258 1051 2341 ibique
1069 2260 1273 2342 juventutem
1289 2283 1384 2324 suam

238 2367 410 2430 exercuit«
1438 2409 1439 2470 l

323 2467 377 2533 Sic
406 2468 441 2530 in
470 2467 603 2551 optimis
632 2465 796 2530 codicibus
825 2465 961 2548 legitur3
995 2466 1176 2553 mirandum
1189 2469 1309 2532 ‘autem
1335 2472 1385 2533 est
1437 2509 1438 2564 q

238 2572 323 2654 quod
346 2570 519 2654 singularis
542 2568 739 2633 »discordia«
765 2571 839 2651 post
861 2568 1001 2652 plurales
1026 2569 1145 2648 ›bella,
1178 2571 1299 2649 caedere,
1333 2595 1386 2635 ra-
1436 2609 1437 2657 q

237 2677 352 2759 pinea«
375 2675 459 2738 nulli
481 2675 544 2737 nisi
566 2672 689 2736 Brinlro
711 2672 747 2735 in
764 2671 884 2736 Philol:
905 2673 966 2736 vol.
981 2667 1056 2735 XXI
1075 2696 1106 2756 p.
1126 2675 1184 2736 162
1209 2674 1384 2739 offensioni
1435 2709 1436 2751 1

237 2779 310 2842 luit.
356 2776 532 2842 Lenissima
555 2780 663 2840 autem
686 2777 773 2840 vocis
798 2776 995 2840 »discordia«
1020 2777 1055 2839 in
1080 2777 1296 2855 »discordiae«
1322 2781 1388 2844 im·
1434 2814 1435 2845 1

240 2883 378 2947 mutatio
409 2882 450 2946 ab
481 2881 538 2945 illo
570 2880 738 2965 proposita
760 2880 794 2943 in
818 2881 945 2963 culpem
968 2880 1161 2944 temeritatis
1184 2883 1290 2946 vocari
1315 2905 1385 2947 non
1433 2908 1434 2939 1

238 2988 361 3069 potest,
402 2984 521 3068 quippe
557 3003 640 3066 quae
676 3004 735 3067 per
763 2983 842 3048 duos
875 2983 1036 3047 Dietsehii
1077 2983 1177 3048 libros
1209 2983 1253 3069 p⁵
1286 2988 1321 3049 et
1353 3009 1384 3064 γ,
1432 2985 1433 3033 l

238 3197 265 3259 si
299 3195 372 3276 quis
406 3193 551 3258 codicum
583 3192 712 3256 illorum
749 3193 873 3255 nullam
916 3191 1142 3255 auctoritatem
1174 3215 1241 3258 esse
1282 3195 1386 3274 dieat,

237 3299 348 3364 Severi
370 3299 457 3362 certe
480 3295 634 3360 fulciatur
655 3297 838 3360 imitatione

410 3400 530 3478 0126,
558 3404 572 3463 l
599 3399 819 3476 »Abimelecb
843 3421 882 3463 ex
904 3401 1083 3463 concubina
1102 3404 1202 3479 ortus,
1225 3401 1387 3469 fratribus

409 3504 622 3588 interemptis,
646 3505 792 3588 pessimis
815 3503 996 3588 quibusque
1018 3505 1293 3571 consentientibus
1318 3557 1325 3572 .
1350 3557 1386 3574 ..

411 3629 546 3694 regnum
571 3609 750 3692 occupavit.
773 3609 863 3691 isque
877 3607 1046 3672 discordiis
1067 3609 1208 3674 civilibus
1227 3614 1389 3679 meatus

411 3733 484 3777 cum
507 3732 581 3776 suos
604 3712 688 3776 bello
712 3714 872 3796 premeret
894 3713 975 3776 eet«.

325 3817 430 3900 Ipsius
451 3836 527 3881 vero
539 3814 671 3880 Sallusti
693 3815 915 3880 consuetudini
938 3814 1104 3898 pluralem
1118 3837 1184 3880 non
1200 3838 1388 3903 repugnare

234 3921 338 3986 elucet
359 3918 397 3985 ex
418 3919 492 4004 Jug.
517 3920 567 3997 78,
594 3923 608 3984 l
634 3920 697 3984 »ob
719 3919 892 3984 discordias
911 3919 1060 3984 civilis«.

708 4105 777 4171 Cat.
804 4109 856 4186 36,
880 4108 910 4171 5.

235 4255 238 4260 ·
325 4240 360 4306 Si
381 4239 526 4305 Jordauo
555 4239 634 4306 fides
665 4243 815 4322 debetur,
846 4243 880 4305 in
903 4241 951 4306 Po
981 4245 1015 4306 et
1043 4242 1174 4326 optimis
1197 4241 1387 4329 quibusque

232 4345 323 4408 libris
345 4344 499 4428 seriptum
523 4344 588 4408 est:
