2926 4978
609 301 652 372 47

40 453 192 557 certum,-
215 456 321 564 pretio
333 497 379 543 un
397 475 539 544 bellandi
554 476 714 562 cupidine.
746 471 833 544 11‘30
846 474 1037 558 »incertum
1060 472 1196 562 alio(ne)

20 615 23 674 j
39 603 127 646 casu
159 603 202 647 au
229 581 278 647 ira
299 581 517 669 Appollinis«.
562 581 686 658 Quibus
715 583 870 668 exemplis
900 604 971 649 eam
993 581 1119 648 dicendi
1141 599 1194 646 ra·

20 681 21 690 ’
41 687 180 752 tionem
192 683 345 752 Sallustio
367 687 549 754 adamatam
570 687 668 754 fuisse
691 709 792 773 eaque
815 681 970 755 de‘causa
985 687 1045 754 hoc
1067 705 1197 772 quoquo

43 793 126 858 loco
150 792 384 860 restituendam
407 815 475 860 esse
496 794 681 860 confirmari
704 794 838 861 videtur.

518 1035 594 1123 Jug.
617 1035 670 1119 85,
692 1036 745 1106 26.

144 1219 179 1287 (l.
201 1219 326 1288 Marius
347 1223 460 1288 consul
483 1226 608 1290 creatus
630 1225 780 1291 contione
803 1225 916 1311 populi
937 1223 1052 1290 habita
1072 1223 1198 1290 nobiles

18 1377 19 1382 η
48 1326 198 1412 graviter
220 1329 397 1414 vituperat:
420 1350 474 1394 eos
492 1330 617 1415 jactare
639 1331 797 1416 imagines
819 1333 853 1395 66
866 1331 1003 1398 virtutes
1027 1330 1197 1415 majorum,

18 1459 20 1528 J
48 1433 120 1498 sibi
142 1436 268 1500 suamet
288 1433 374 1500 facta
396 1434 502 1501 dicere
523 1435 629 1501 licere.
675 1434 757 1502 'l'um
781 1436 904 1523 pergit:

147 1539 315 1624 »equidem
338 1560 399 1625 ego
421 1561 488 1606 non
508 1541 636 1626 ignoro,
658 1542 685 1607 si
703 1542 773 1626 jam
784 1542 864 1607 mihi
882 1541 1075 1627 respondere
1086 1540 1198 1621 velint,

18 1663 20 1712 ξ
51 1644 186 1710 abunde
212 1644 278 1709 illis
309 1643 494 1728 facundiam
528 1649 562 1711 66
589 1648 790 1732 conpositam
820 1646 999 1711 orationem
1019 1643 1096 1711 lore.
1142 1643 1200 1722 Set

51 1752 90 1816 in
113 1770 266 1814 maxumo
289 1752 398 1816 vostro
421 1749 571 1815 benificio
593 1771 666 1816 cum
688 1752 838 1816 omnibus
860 1751 939 1816 locis
954 1771 1067 1834 meque
1078 1769 1198 1833 vosque

17 1939 18 1948 ἵ
51 1854 139 1919 male
163 1854 257 1919 dictis
278 1854 430 1936 lacerent,
454 1876 520 1920 uon
542 1855 666 1940 placuit
686 1857 832 1935 reticere,
853 1877 895 1920 ne
917 1855 988 1939 quis
1009 1853 1199 1919 modestiam
1221 1901 1226 1910 .

17 1955 18 1960 ’
51 1961 89 2023 16
114 1959 343 2025 conscientiam
364 1959 525 2025 duceret«

16 2105 18 2110 -
143 2063 215 2130 Hoc
236 2064 319 2145 loco,
342 2087 406 2149 quo
428 2066 464 2129 in
486 2085 550 2130 uno
563 2063 614 2130 Vo
638 2065 867 2150 scriptumest
889 2083 1024 2148 »meque
1046 2081 1197 2148 vosque«,

16 2169 18 2174 ’
54 2170 133 2237 dum
155 2170 221 2236 Pus
254 2171 287 2234 et
273 2169 352 2235 t.O
384 2193 454 2236 »me
485 2192 625 2254 vosque«
657 2170 827 2248 exhibent,
862 2172 895 2234 et
922 2167 1075 2247 lordum,
1109 2168 1199 2250 qu'us

16 2295 18 2364 ξ
54 2275 184 2360 quidem
208 2274 339 2358 optimis
361 2274 399 2340 de
426 2272 579 2339 Sallustio
602 2275 726 2340 meritis
748 2274 845 2361 longe
867 2272 1200 2338 abestuttderecte·

16 2417 17 2420 =
54 2401 145 2458 mus,
178 2381 316 2464 apparet
345 2379 554 2463 perversitas,
592 2399 655 2462 qua
685 2378 811 2463 lapsus,
845 2379 872 2442 61
895 2377 973 2462 quid
994 2376 1063 2443 Vns
1085 2379 1200 2442 contra

54 2484 254 2568 reliquorum
279 2482 438 2548 librorum
468 2501 657 2546 consensum
686 2482 821 2567 praebet
806 2481 1045 2546 tabiciendnm
1064 2481 1224 2566 judicat·

54 2590 89 2653 et
111 2609 186 2652 vera
208 2608 320 2652 eorum
340 2586 440 2664 ratio,
470 2587 527 2670 qni
548 2585 592 2652 Vi
613 2586 783 2652 lectionem
807 2607 874 2651 non
902 2589 1115 2672 aspernantur
1135 2586 1200 2652 nisi

55 2696 113 2760 aut
135 2694 297 2758 sententia
318 2693 375 2756 aut
396 2691 654 2758 dubitationibus
667 2693 889 2778 grammaticis
902 2694 1073 2778 coguntur.
1113 2691 1199 2768 Quo·

55 2821 129 2863 rum
150 2801 299 2863 neutrum
323 2797 358 2862 in
379 2795 465 2862 hune
488 2798 617 2881 quidem
639 2798 920 2882 locumpertinere
934 2799 1070 2864 videtur.
1110 2796 1197 2864 Nam

56 2925 128 2970 cum
157 2903 198 2968 ad
228 2924 296 2967 rem
327 2923 457 2987 prorsus
479 2903 564 2968 idem
586 2903 700 2982 valeat,
732 2907 841 2968 utrum
863 2903 1041 2968 scribamus
1063 2924 1197 2990 »meque

55 3029 194 3093 vosque«
226 3028 268 3072 an
300 3028 553 3092 »memeque«,
586 3009 735 3073 iteratam
764 3008 957 3093 particulam
981 3028 1083 3092 »que«
1106 3029 1125 3072 a
1147 3008 1197 3074 di·

56 3114 147 3180 cendi
180 3133 299 3198 genere
331 3112 528 3178 Sallustiano
563 3133 629 3177 non
665 3113 803 3179 alienam
840 3136 908 3180 esse
942 3112 1112 3199 permultis
1141 3113 1197 3180 de·

57 3219 254 3284 monstratur
274 3218 362 3297 locis,
384 3217 442 3283 ubi
465 3239 558 3284 voees
580 3217 672 3298 duae,
695 3239 829 3304 quarum
852 3221 942 3304 prior
964 3241 1110 3304 quaeque
1122 3240 1198 3305 pro·

57 3345 172 3389 nomen
203 3325 267 3405 666,
299 3345 358 3409 per
389 3344 471 3406 »que
492 3359 537 3373 —
559 3345 641 3408 que«
674 3323 917 3410 conjunguntur
947 3323 1095 3390 616666.
1120 3325 1195 3403 9,3

57 3450 151 3513 seque
173 3449 307 3513 remque
330 3427 494 3514 publicam
515 3427 680 3493 curabant.
727 3430 785 3508 36,
818 3429 839 3493 4
867 3430 923 3514 qui
944 3449 1040 3513 seque
1062 3450 1195 3512 remque

15 3575 16 3580 κ
59 3533 217 3618 publicam
250 3531 412 3617 perditum
446 3531 540 3597 irent.
595 3531 669 3616 Jug.
706 3534 762 3612 10,
793 3533 812 3596 2
846 3556 961 3618 meque
995 3554 1196 3618 regnumque

15 3693 17 3714 ,
58 3659 161 3702 meum
188 3637 293 3722 gloria
320 3637 532 3703 honoravisti.
577 3639 630 3719 21,
654 3642 674 3703 4
704 3639 752 3702 166
732 3657 878 3725 aseque
900 3640 1028 3724 illisque
1051 3639 1195 3723 dignum.

15 3717 109 3820 ’79,
131 3745 150 3807 9
172 3765 268 3827 aeque
280 3743 546 3827 v1tamquesuam
561 3743 789 3808 condonavere.
826 3744 877 3822 85,
890 3745 932 3808 26
955 3765 1051 3827 seque
1063 3766 1195 3829 remque

60 3846 217 3932 publicam
249 3846 461 3912 celebravere.
507 3847 583 3928 100,
613 3847 632 3912 5
663 3847 784 3931 illoque
813 3847 959 3932 alliisque
982 3848 1193 3933 temporibus

15 3947 138 4056 {Aliis
160 3956 267 4018 autem
290 3951 421 4016 Sallusti
444 3952 562 4017 locis»
546 3973 693 4036 6666-
649 3955 758 4018 -et«
741 3955 938 4038 «scriptum
960 3973 1028 4017 esse
1049 3953 1194 4018 videmus

15 4021 113 4123 666
134 4055 207 4141 Jug.
232 4057 284 4138 55,
310 4058 337 4140 1,
361 4058 412 4135 26,
438 4057 466 4121 l.
499 4056 551 4136 91,
575 4057 604 4118 2.
641 4056 713 4134 194,
739 4056 767 4121 1.
814 4053 927 4140 Neque
950 4077 1080 4141 prorsus
1102 4056 1194 4120 dissi-

62 4159 127 4225 mili
146 4155 240 4227 modo
255 4106 429 4247 Septimius
452 4160 644 4244 pronomina
666 4181 740 4225 cum
762 4161 973 4226 substantivis
995 4161 1083 4226 velsi
1096 4180 1204 4243 quam,

15 4323 16 4332 ,
63 4265 151 4330 aliem
173 4266 266 4350 ponit
288 4285 397 4330 vocem
420 4266 614 4350 conjungere
642 4264 737 4343 solet,
768 4265 815 4329 ita
839 4267 948 4330 tamen
969 4262 1039 4329 ut
1029 4286 1064 4329 1n
1086 4265 1195 4349 poste·

15 4441 16 4454 l

15 4567 16 4576 l

15 4577 17 4586 6

69 4371 200 4437 rioribus
222 4371 375 4434 membris
397 4369 588 4455 particulam
612 4389 714 4452 ›que‹
736 4369 885 4433 iteratam
908 4371 1097 4453 aspernatus
1121 4369 1192 4432 ›et‹

66 4476 176 4544 scribat
197 4473 256 4542 eir.
280 4474 308 4556 Ι,
331 4477 351 4540 3
373 4477 541 4562 ipsamque
563 4476 596 4540 et
617 4474 735 4540 multas
756 4495 833 4561 opes
854 4474 971 4539 aufert.
1014 4472 1088 4538 120
1104 4471 1196 4538 festi·
