2926 4978
811 279 855 348 46

249 453 346 539 plene
378 449 601 518 confirmat-II
630 449 670 516 51
706 451 782 537 «qui
810 472 884 518 enm
913 453 1041 519 oratum
1065 454 1259 522 venissent«.
1304 453 1402 525 Nam
1453 455 1454 462 '

249 557 331 623 alter
353 557 409 641 qni
430 557 557 622 obstare
578 556 706 622 videtur
730 555 821 622 locus
1453 575 1454 592 ¹

425 663 460 728 Il
494 664 535 728 21
580 663 716 728 »iterato
750 663 791 728 ad
824 685 881 730 vos
911 663 953 730 ob
985 665 1120 731 eandem
1152 688 1282 734 causam
1322 691 1404 736 ora-

426 768 497 832 tum
519 767 682 834 venimus«

254 875 375 942 nullius
396 873 432 937 in
452 872 513 938 hac
535 873 721 957 quaestione
744 871 947 956 dijudicanda
969 878 1125 942 momenti
1140 880 1199 959 est,
1220 900 1295 945 cum
1309 880 1397 947 inter

256 1001 352 1048 ›ros‹
376 981 410 1047 et
433 980 600 1045 ›oratum‹
624 977 722 1044 verba
743 977 869 1062 aliquot
890 979 1103 1048 intercedant.

720 1221 794 1308 Jug.
817 1222 868 1302 24,
892 1224 923 1288 3.

339 1410 429 1477 Idem
458 1408 513 1475 ille
535 1407 701 1490 Adherbal
722 1409 888 1476 adversam
916 1431 980 1495 qua
1001 1409 1143 1477 afflictus
1165 1413 1208 1478 sit
1228 1411 1393 1478 fortunam

254 1516 482 1602 conqueritur:
1211 1529 1214 1536 ’

430 1622 558 1705 »itaque
581 1620 730 1704 quintum
757 1619 825 1704 jam
848 1642 990 1686 mensem
1011 1622 1115 1688 socius
1138 1624 1172 1688 et
1192 1623 1313 1688 amicus
1335 1645 1394 1710 po-

426 1726 495 1811 puli
525 1723 665 1790 Romani
699 1725 798 1788 armis
830 1725 977 1789 obsessus
1007 1728 1136 1806 teneor,
1174 1748 1278 1811 neque
1311 1728 1393 1792 mihi

425 1829 579 1915 Micipsae
601 1827 703 1912 patris
726 1827 882 1894 beneficia
904 1849 1008 1914 neque
1030 1833 1138 1896 vostra
1158 1831 1285 1898 decreta
1303 1834 1393 1898 auxi-

426 1938 564 2002 liantur:
585 1926 670 2000 ferro
693 1935 840 2000 aniame
862 1937 966 2002 acrius
988 1959 1126 2024 urguear
1137 1941 1297 2006 incertum
1309 1944 1388 2006 eet.‹

426 2040 532 2108 Siev
563 2042 596 2106 et
617 2063 649 2126 p.
679 2039 729 2126 (in
760 2041 939 2128 margine),
970 2041 1005 2106 P.
1030 2042 1063 2108 Ο.
1098 2044 1259 2110 »incertus
1288 2067 1391 2111 sum«.

294 2179 298 2188 ·
339 2147 410 2214 Hoc
434 2167 561 2233 quoque
584 2147 654 2212 loco
676 2146 731 2231 qui
753 2149 882 2232 scriptis
894 2147 1026 2212 Sallusti
1041 2150 1247 2215 emendandis
1259 2172 1391 2235 operam

252 2259 431 2333 naverunt,
464 2256 501 2317 ut
531 2252 667 2336 quisque
697 2255 817 2316 certam
844 2251 907 2316 sibi
935 2252 974 2317 de
1004 2253 1168 2319 codicibus
1196 2257 1390 2320 sententiam

251 2361 358 2439 finxit,
381 2380 451 2424 eam
473 2357 574 2424 secuti
594 2357 677 2421 alius
698 2356 762 2420 alia
783 2355 909 2421 'ratione
930 2378 999 2422 rem
1021 2360 1166 2444 aggressi
1187 2363 1272 2426 sunt.
1317 2360 1392 2428 Jor·
1453 2343 1454 2390 l

251 2467 353 2532 danus
375 2463 461 2529 enim
483 2461 522 2527 Pi
545 2461 716 2527 lectionem
739 2460 890 2546 praefert,
913 2460 1066 2528 Dieckius
1088 2465 1176 2528 tacet
1198 2462 1256 2527 cfr.
1280 2487 1312 2549 p.
1336 2466 1389 2548 52,

252 2568 468 2636 Weiuholdua
501 2590 532 2653 p.
556 2567 618 2632 193
656 2568 689 2631 et
718 2565 900 2632 Dietsohins
931 2587 963 2651 p.
996 2567 1058 2632 118
1080 2566 1166 2633 Vum
1203 2567 1390 2633 defendunt.

253 2675 345 2752 Quod
378 2674 457 2739 mihi
485 2673 614 2758 quidem
644 2693 701 2736 suo
728 2672 801 2756 jure
828 2670 942 2736 fecisse
970 2671 1129 2737 videntur.
1174 2671 1274 2738 Recte
1305 2676 1390 2739 enim
1452 2675 1453 2765 l

252 2777 437 2848 Dietschiue
479 2775 626 2840 homines
669 2776 784 2862 inopes
826 2775 952 2840 consilii
995 2797 1014 2839 a
1053 2776 1206 2842 Sallustio
1248 2779 1390 2844 incertos

251 2883 409 2973 appellari
438 2881 516 2948 dicit
548 2879 621 2968 (cfr.
643 2877 717 2966 Jug.
744 2883 793 2960 14,
817 2881 868 2963 23,
898 2881 950 2964 67,
975 2881 1003 2946 1.
1045 2881 1149 2962 74,1.
1188 2882 1259 2961 101,
1284 2885 1327 2962 2),
1357 2883 1390 2948 id

251 2990 338 3076 quod
366 2988 442 3054 huic
471 2987 542 3053 loco
575 2986 681 3051 minus
710 2986 891 3050 conveniat.
934 2984 1056 3051 Eodem
1078 3008 1154 3052 vero
1182 2988 1255 3071 jure
1278 2987 1391 3054 Wein-

250 3093 366 3162 holdus
387 3116 418 3180 p.
433 3093 496 3158 193
517 3093 657 3158 alterum
678 3091 765 3178 quod
776 3091 961 3158 Dietschius
980 3091 1140 3177 adjecerat
1154 3097 1390 3179 argumentum,

250 3199 380 3287 gravim
401 3197 619 3263 Adherbalem
648 3197 753 3262 dicere
787 3197 968 3262 »neminem
990 3197 1167 3264 discernere
1189 3221 1283 3284 posse
1305 3199 1398 3265 ferro'

250 3327 293 3370 au
325 3304 409 3370 fame
438 3301 544 3368 sonus
565 3303 763 3386 urguentur<
787 3322 884 3386 quam
912 3323 966 3368 »ss
987 3323 1053 3366 non
1076 3323 1170 3388 posse
1191 3303 1252 3370 hoc
1274 3305 1392 3371 discer-

251 3429 347 3476 nere«
371 3405 490 3473 falsum
511 3427 578 3472 esse
601 3405 696 3484 dicitss
729 3406 886 3471 veriorem
909 3409 1017 3472 autem
1040 3429 1107 3473 esse
1131 3429 1200 3474 cam
1221 3409 1389 3488 rationem,

251 3516 289 3580 ut
318 3535 391 3579 cum
414 3511 585 3578 Sallustius
608 3510 775 3576 notionem
796 3512 883 3576 vocis
905 3512 1040 3597 alicujus
1063 3533 1186 3578 summa
1208 3514 1391 3579 consantia

250 3619 391 3686 retinere
424 3617 526 3682 soleat
566 3617 684 3682 »verba
717 3616 757 3682 ad
798 3617 965 3702 scriptoris
998 3618 1262 3682 consuetudinem
1298 3619 1392 3683 resti·

250 3727 390 3805 tuamne,
413 3743 511 3807 quam
532 3723 580 3800 ut,
602 3721 630 3786 si
653 3725 807 3806 quattuor
831 3722 909 3787 locis
932 3721 1048 3806 aliquis
1070 3742 1146 3786 usus
1169 3722 1389 3804 confirmetur,

250 3827 365 3912 quinto
388 3829 497 3908 antem
515 3827 675 3911 scriptura
696 3825 839 3906 fluctuet,
860 3826 923 3890 hoc
945 3827 1015 3892 loco
1028 3826 1237 3912 aliamlegem
1256 3828 1393 3912 scripto·

250 3953 318 3999 rem
341 3933 484 3996 secutum
507 3952 574 3996 esse
597 3931 805 3994 statuamus«
846 3927 921 4000 ,Huc
953 3930 1094 4012 accedit,
1129 3933 1231 4016 quod,
1263 3933 1301 3996 ut
1322 3932 1392 4016 ipse

250 4033 421 4102 Sallustius
450 4033 529 4098 dicit
551 4033 593 4098 Η.
616 4032 707 4100 1V5
740 4033 976 4119 »perincertum
1005 4035 1153 4101 stolidior
1182 4058 1224 4101 an
1245 4036 1391 4115 vanior«,

250 4141 299 4208 iu
337 4140 517 4205 imitatores
556 4159 683 4223 quoque
713 4139 819 4205 verbis
852 4140 1031 4205 »incertum
1064 4142 1133 4205 est«
1166 4141 1233 4225 vel,
1275 4141 1393 4207 omissa

250 4243 367 4331 copula
404 4245 603 4309 »incertum«
640 4244 930 4329 interrogationem
971 4244 1197 4329 disjunctivam
1235 4245 1394 4330 particula

252 4352 403 4413 ›utrum‹
427 4369 493 4412 non
516 4347 621 4432 posita
643 4347 846 4432 subjungunt
867 4347 924 4412 cfr.
950 4348 981 4412 S.
1005 4347 1075 4414 Ser.
1099 4348 1177 4413 0.ss
1201 4349 1252 4431 28,
1278 4349 1298 4414 3
1323 4350 1393 4414 ›in-

250 4455 382 4524 certum
404 4453 516 4538 pigeat
536 4474 578 4518 an
601 4452 721 4538 pudeat
745 4453 848 4537 nangis
870 4453 1035 4519 disserere.
1077 4452 1118 4518 D.
1141 4451 1238 4520 01.ss
1263 4456 1301 4520 15
1326 4455 1396 4519 ›in-
