2926 4978
638 265 682 332 27

184 443 260 513 Sall.
283 443 359 529 Jug.
570 442 656 510 Dici.
679 437 729 506 Or.
971 437 1003 506 S.
1029 435 1103 505 Sev.

82 609 151 667 nino
177 606 267 662 lacere
294 607 341 660 aut
369 602 628 674 provi-inetantibue
646 598 839 670 nequedapra·

83 684 151 738 dare
163 680 305 750 quicquam
321 679 456 748 poteraut,
467 677 495 730 di
522 677 580 732 aine
603 675 725 745 pernicie
752 690 839 743 neque

83 757 124 810 ita
150 757 262 808 cunctos
291 790 298 804 .
323 790 330 805 .
358 748 544 803 nostriearma
585 765 682 816 capere
723 746 840 800 tunbctia

82 825 256 888 instantibus,
274 821 392 877 tumultu
407 820 458 874 sur·
469 820 594 875 omnibus
610 824 638 874 et
653 820 689 875 ob
704 817 733 871 id
743 821 841 872 cuncta

84 898 189 954 midine
225 894 303 966 quani
332 892 456 948 vecordia
469 892 678 963 impedientibus
696 893 809 962 poeaent

84 971 197 1040 ceperat

106 1115 134 1184 1)
151 1041 460 1181 nequeiffli'enviotoriu
868 1109 889 1166 ο
907 1109 934 1164 11
949 1107 981 1163 ιι)
984 1148 991 1174 ‚
1009 1107 1027 1162 3
1044 1100 1222 1161 femmam„

85 1202 180 1242 accone
189 1189 237 1238 aut
245 1182 365 1236 iiiecleue
375 1179 459 1234 factus
851 1182 983 1248 victoriis,
1012 1178 1080 1233 nihil
1106 1176 1160 1232 „ibi
1182 1173 1223 1229 in.

852 1256 953 1312 victum
969 1255 1045 1308 natue

105 1328 132 1396 3)
150 1325 263 1382 laudare
281 1327 309 1380 at
320 1323 459 1392 increpare
487 1321 526 1378 VI
544 1323 560 1376 6
578 1321 690 1375 meriton
704 1317 783 1375 donia
794 1322 841 1374 aut

86 1399 219 1456 merentis
247 1469 296 1522 ¹⁰1
470 1394 611 1465 suppliciis
627 1391 711 1448 afficit

12 1509 14 1566 ss
104 1544 133 1615 4)
154 1543 177 1598 ei
195 1541 286 1613 quiin
304 1554 400 1592 manue
417 1553 460 1593 ve·
488 1537 515 1592 Il
534 1541 549 1592 2
568 1539 608 1592 uti
626 1537 841 1608 quiaqueinmu-

12 1669 14 1676 .
86 1621 193 1685 nerant,
210 1614 372 1668 obtruncare
471 1627 520 1664 uua
538 1617 661 1680 venerat,
682 1609 842 1665 interficitur

107 1761 134 1826 6)
153 1756 218 1812 antia
235 1754 342 1824 inpigre
471 1681 526 1810 cirV
539 1683 561 1808 g
580 1687 645 1810 alaitie
662 1754 770 1824 inpigre

12 1835 13 1838 ’
111 1831 139 1898 7)
165 1828 309 1884 atrocitate
336 1823 377 1878 rei
492 1826 518 1880 lI
549 1829 583 1882 41
620 1827 766 1882 atrocitate
801 1826 842 1880 rai

12 2199 14 2212 l

12 2453 16 2554 l

13 2563 14 2566 ¹
115 2545 159 2613 11)
181 2549 240 2600 tum
266 2559 330 2598 vero
356 2540 459 2609 epecta-
489 2546 553 2602 1117
572 2550 631 2601 tum
644 2559 842 2599 verocerneree

13 2735 14 2738 η
89 2691 175 2745 tibus:
195 2690 270 2758 aequi
288 2688 391 2756 fugare,
416 2699 459 2736 00·
471 2708 596 2761 campum
615 2689 671 2744 eine
689 2689 784 2745 ordine
802 2692 841 2741 at-

87 1907 225 1957 tententur
471 1902 562 1953 metue

108 1974 212 2029 animoa
230 1970 325 2026 tollere
488 1971 528 2024 Ill
547 1972 563 2026 5
582 1972 655 2026 tollit
672 1971 775 2026 animoa
792 1969 843 2026 cfr,

472 2042 740 2111 OEQVti

107 2116 134 2186 8)
153 2112 304 2186 profligatis
326 2126 394 2180 quoe
415 2107 460 2163 ad·
488 2114 515 2168 11
542 2118 558 2168 3
584 2115 683 2185 sagetia
707 2131 773 2184 quoe
797 2113 842 2167 ad·

87 2205 197 2245 vorsum
216 2187 284 2240 ierat
473 2204 577 2240 vernum
595 2188 664 2242 ierat
679 2186 727 2242 cfr.
746 2185 784 2240 IV
804 2189 820 2242 3

102 2261 148 2330 10)
162 2251 460 2316 adcurritauxilioauie‚
489 2259 564 2312 1114
588 2259 661 2313 ubi.
682 2299 715 2312 ..
739 2257 843 2312 medios

89 2349 157 2402 quoe
173 2331 239 2402 pelli
253 2329 311 2399 jam
320 2336 459 2395 acceperat
471 2347 580 2384 suorum
593 2331 788 2400 fundiaccipit,
800 2370 807 2384 .
819 2369 825 2382 .
837 2368 843 2382 .

471 2405 587 2486 accurrit
604 2403 702 2459 auxilio
718 2403 844 2458 laboran-

328 2614 333 2626 Ι
472 2476 543 2528 tibus
845 2467 891 2612 ic
914 2544 942 2600 11
967 2548 1014 2612 19,
1038 2545 1055 2598 8
1081 2546 1140 2598 tum
1158 2557 1224 2598 veru

89 2619 180 2673 culum
198 2618 226 2671 in
245 2631 349 2683 campie
367 2619 459 2682 paten-
473 2619 534 2672 hinc
559 2657 566 2671 .
593 2659 625 2672 ..
654 2634 703 2687 per
732 2618 961 2698 omuem'foadum
979 2616 1163 2688 spectaculum

89 2763 144 2817 cidi
173 2763 251 2830 capi:
283 2759 344 2828 equi
380 2760 522 2835 atqucque
558 2762 663 2832 inperio
707 2761 841 2829 iiugientee

89 2835 141 2889 Viri
170 2832 284 2899 adfflssfis
319 2847 351 2884 ⁸⁰
382 2828 641 2890 mu1t¹multitudine
674 2850 706 2888 ac
732 2833 840 2888 festina·

89 2902 460 2981 volneribueacceptieneque
471 2908 544 2960 tione
566 2909 638 2960 inter
661 2923 690 2960 ω
707 2905 842 2974 implioari

89 2979 181 3048 fugere
194 2993 273 3047 posse
290 2990 377 3042 neque
390 2987 460 3040 quw·
471 2979 568 3034 cadere
577 2996 609 3033 ac
617 2995 681 3031 mox
689 2977 843 3046 palantibus

90 3054 146 3104 tem
169 3050 235 3118 pati,
261 3047 311 3101 niti
330 3045 412 3100 modo
429 3051 545 3120 accquis
577 3050 745 3120 proculcari,
778 3048 842 3102 hinc

88 3123 182 3176 statim
200 3119 342 3174 concidere
384 3164 391 3178 .
472 3124 589 3178 Graecos
608 3126 652 3176 cat

115 3199 254 3264 postremo
288 3191 378 3245 omnia
409 3209 462 3261 qua
488 3195 642 3250 redundant
667 3229 701 3246 ..
724 3233 730 3246 .
753 3190 842 3260 campi

90 3266 161 3320 vieue
171 3269 237 3329 crat,
253 3268 390 3319 constrata
400 3265 460 3318 tolia
471 3269 611 3334 sanguine,
630 3270 658 3320 et
672 3265 772 3329 omnia,
790 3281 842 3332 qua

91 3339 171 3392 armis
215 3336 391 3390 cadaveribus
433 3341 557 3395 ethoetie
574 3339 732 3404 intraverat,
759 3336 841 3391 armi·

90 3411 161 3464 inter
179 3426 210 3463 ea
228 3408 325 3463 humua
343 3407 443 3463 infacta
471 3419 551 3482 atque
573 3410 749 3467 cadaveribus
770 3425 842 3464 com·

90 3482 219 3553 sanguiue
248 3554 299 3606 10⁰
471 3486 544 3554 pleta
558 3486 621 3538 aunt

111 3623 154 3694 13)
168 3625 230 3695 jure
247 3623 313 3676 belli
870 3621 891 3678 O
909 3621 922 3678 1
941 3621 986 3687 58,
1005 3621 1021 3676 3
1037 3618 1098 3690 jure
1115 3613 1182 3674 belli

247 3697 308 3749 103.

18 3739 19 3764 Χ
120 3769 146 3836 2)
172 3785 286 3838 quorum
327 3769 356 3821 et
394 3765 460 3820 fidae
869 3767 898 3822 M
919 3765 945 3834 5,
966 3766 979 3817 1
999 3763 1075 3834 cujus
1095 3800 1123 3817 ..
1141 3801 1148 3816 .
1165 3775 1225 3830 ape-

91 3841 200 3910 cognite
224 3843 252 3894 et
281 3837 391 3910 ingenia
416 3856 460 3894 va·
642 3838 650 3852 ‘
853 3842 926 3894 ctata
957 3839 985 3890 et
1015 3834 1125 3908 cognita
1157 3830 1225 3887 fidae

90 3913 230 3968 lidieauma
247 3915 324 3966 erent
852 3910 1003 3967 habebatur
1107 3938 1108 3942 =

116 4057 143 4126 3)
175 3985 343 4112 temeigbet
379 4053 460 4111 effuse
487 4051 501 4107 I
529 4055 563 4108 la
589 4070 625 4110 ne
733 4053 842 4111 effusius

90 4133 183 4185 euntes
470 4141 503 4180 ac
529 4124 587 4180 aine
618 4126 700 4183 modo
729 4129 842 4184 militiae

246 4201 306 4255 106.
470 4201 614 4270 vaganetur

109 4344 136 4416 2)
153 4343 257 4402 noento
273 4343 348 4401 voltu
360 4356 461 4414 pavens
868 4338 1001 4404 omit,
1019 4335 1225 4394 4trementibua

849 4412 1117 4544 {effiminourthue
1142 4409 1220 4467 vultu
