2926 4978
808 166 849 226 56

346 337 386 398 In
417 335 589 420 postremis
611 332 748 414 denique
771 327 903 392 Sallusti
925 328 1029 392 verbis
1052 327 1204 394 formam
1233 336 1435 400 »exitium«.

261 422 456 523 quainquam
485 438 681 520 optimorum
704 433 849 497 codicum
872 453 1029 496 consensu
1059 430 1180 495 fulciri
1205 433 1362 514 videtur,
1398 441 1435 502 in

263 548 423 612 »exitum«
454 543 640 608 mutandam
669 561 736 604 esse
766 538 972 603 arbitramur.
1017 538 1171 603 Primum
1203 541 1299 602 enim
1331 546 1432 608 nullo

260 651 323 714 alic
347 648 479 714 Sallusti
511 648 581 710 loco
614 644 748 728 exitium
778 643 875 706 finem
906 643 952 708 rei
982 643 1124 726 alicujus
1154 642 1331 727 significat
1364 646 1435 720 0qu

262 753 356 835 »Jug.
382 752 432 827 70,
466 750 485 816 5
517 746 700 833 Jugurthae
732 747 866 812 exitium
897 746 1016 812 adesse.
1061 745 1107 809 H.
1132 745 1270 822 11161,
1305 747 1399 810 11111

261 855 395 920 exitium
425 875 526 938 usque
554 851 692 917 insontis
722 850 843 914 tribuni
866 849 1049 914 dominatus
1071 850 1135 914 est.
1185 848 1229 912 H.
1255 849 1399 927 141‚25

259 961 465 1026 turbamenta
493 958 690 1042 reipublicae
719 957 817 1038 atque
846 955 944 1020 exitia
965 955 1143 1039 probate«,
1181 954 1306 1037 quibus
1335 955 1400 1017 locis

259 1064 409 1130 omnibus
438 1062 569 1126 exitium
597 1059 683 1124 idem
705 1061 753 1123 est
775 1060 872 1141 atque
904 1058 1076 1142 pernicies,
1112 1057 1168 1122 vel
1192 1060 1232 1122 ut
1255 1059 1399 1122 vocabulo

258 1167 439 1252 germanico
469 1166 597 1228 utamur
619 1163 824 1246 Untergang,
857 1183 921 1225 non
951 1161 1117 1245 Ausgang.
1167 1160 1291 1244 Neque
1320 1163 1400 1226 aliter

257 1274 437 1338 imitatores
465 1289 575 1335 vocem
606 1269 765 1351 usurpant
787 1265 842 1330 clr.
865 1265 905 1330 D.
929 1263 1019 1332 (11.1
1044 1269 1092 1330 11.
1142 1265 1257 1332 1129.
1303 1267 1398 1330 1130.

257 1377 365 1442 1131.
411 1373 460 1439 ΠΙ
484 1373 535 1438 25.
579 1371 628 1437 IV
652 1372 702 1437 19.
747 1370 830 1437 Vc.
877 1370 960 1436 VS.
1013 1368 1343 1447 11111111,
1377 1374 1398 1432 1.

257 1479 347 1557 117,
379 1480 407 1541 1.
460 1477 550 1554 Ι20,
582 1477 610 1540 7.
655 1475 744 1554 127,
780 1476 809 1538 4.
854 1475 945 1551 Ι29,
977 1476 1007 1538 5.
1051 1474 1147 1551 133,
1183 1475 1214 1538 8.
1263 1475 1281 1540 Ι
1303 1474 1352 1553 35,
1373 1475 1397 1536 6,

257 1586 272 1649 I
303 1583 355 1660 35,
390 1582 418 1646 7.
471 1580 562 1660 138,
596 1585 627 1646 8,
677 1579 711 1644 ΙΙ
735 1581 785 1656 13,
818 1581 847 1641 3.
906 1578 938 1642 Π
961 1580 1011 1656 16,
1043 1584 1070 1642 l.
1129 1577 1240 1644 Porro
1276 1577 1397 1644 Severus

257 1688 403 1751 imitator

430 1787 464 1853 (l.
486 1788 503 1852 I
526 1789 578 1864 51,
610 1791 628 1850 2
664 1808 702 1849 »a
733 1785 810 1850 filiis
838 1785 1027 1850 interfectus
1057 1786 1198 1870 dignum
1229 1808 1264 1850 se
1288 1787 1395 1850 exitum

308 1939 309 1943 ,
432 1892 528 1958 tulit«

259 1998 387 2081 scripsit
418 1996 597 2072 »exitum«,
631 2015 698 2058 non
732 1993 922 2074 »exitium«,
957 2015 1154 2078 quamquam
1186 1995 1270 2060 haec
1292 1993 1393 2067 forma,

258 2123 330 2166 cum
358 2100 441 2165 desit
469 2099 632 2185 genitivus
667 2098 807 2174 »vitae«,
840 2097 918 2162 ferri
947 2098 1068 2182 optimc
1098 2099 1220 2182 potuit.
1269 2098 1393 2165 Severus

258 2208 365 2269 autem
387 2225 459 2269 cum
483 2203 545 2265 alio
567 2201 638 2265 loco
663 2197 710 2284 (C.
735 2199 751 2263 Ι
774 2201 825 2276 38,
850 2200 884 2285 8)
907 2200 963 2264 ubi
987 2201 1076 2264 nulla
1098 2200 1238 2268 Sallusti
1262 2201 1392 2267 imitatio

258 2313 321 2387 est,
353 2306 517 2390 scripserit
541 2325 593 2368 »se
623 2302 754 2385 dignum
779 2302 891 2380 exitio,
924 2304 1000 2385 quia
1022 2305 1090 2388 ipse
1113 2311 1321 2388 peccasset«,
1349 2325 1393 2368 su-

258 2413 383 2499 periore
406 2413 475 2476 loco
498 2409 633 2474 formam
657 2408 819 2472 »exitum«
844 2408 934 2471 nulla
955 2408 994 2472 de
1016 2429 1128 2486 causa,
1155 2412 1222 2476 nisi
1246 2413 1284 2475 ut
1306 2407 1392 2474 verba

259 2517 456 2586 Sallustiana
478 2535 576 2598 quam
598 2511 833 2577 accuratissime
854 2511 999 2589 referret,
1023 2534 1195 2598 usurpasse
1219 2515 1355 2580 videtur.

343 2620 512 2686 Postremo
543 2617 626 2682 alter
653 2617 799 2681 imitator
821 2619 967 2700 quamvis
989 2619 1129 2682 maxima
1149 2619 1390 2684 insolentiorum

257 2727 429 2793 verborum
469 2721 672 2786 affectatione
708 2720 852 2784 imbutus
888 2719 1008 2799 fucrit,
1042 2721 1258 2788 nihilominus
1292 2725 1391 2786 tamen

256 2830 333 2895 dicit
353 2828 401 2894 VI
425 2827 465 2891 15
491 2825 616 2890 »exitus
637 2824 742 2888 ritae«
766 2827 799 2888 11
820 2822 869 2888 IV
894 2824 933 2888 15
958 2825 1082 2888 »exitus
1112 2827 1270 2903 mortis«,
1303 2820 1389 2908 quod,

259 2954 331 2997 cum
353 2932 460 2996 locum
483 2951 515 2994 se
538 2926 672 2992 Sallusti
693 2928 820 2992 novisse
843 2927 913 3011 ipse
934 2929 1071 2993 testetur
1093 2930 1202 2994 verbis

429 3032 477 3099 IV
500 3034 520 3096 3
545 3031 678 3097 »deletis
701 3030 803 3115 copiis
827 3079 834 3094 .
861 3078 866 3091 .
892 3079 899 3092 .
926 3031 995 3115 ipsa
1017 3032 1239 3114 spectaculum
1262 3034 1389 3117 dignum

428 3137 573 3202 moribus
596 3137 660 3200 suis
683 3134 851 3220 praebuit«

256 3264 421 3327 nunquam
452 3241 600 3317 dixisset,
630 3237 655 3303 si
686 3236 864 3302 obsoletum
894 3237 975 3301 illud
1007 3238 1181 3303 »exitium«
1207 3241 1244 3304 in
1266 3260 1324 3304 suo
1345 3239 1387 3301 in-

255 3349 393 3413 venisset
426 3345 511 3409 libro
540 3342 674 3408 Sallusti
704 3340 762 3405 csr.
794 3339 872 3404 Otto
902 3339 1032 3424 Frising
1061 3340 1173 3406 chron.
1196 3344 1230 3407 II
1256 3345 1295 3408 41
1329 3341 1386 3403 »sic

255 3451 386 3516 ultimae
419 3448 551 3533 reginae
580 3467 616 3510 ac
650 3446 773 3529 primae
803 3465 871 3508 sors
894 3447 927 3509 et
950 3445 1053 3510 exitus
1075 3446 1188 3512 similis
1211 3447 1307 3510 fuit«.
1351 3443 1388 3508 lit

255 3574 450 3639 quamquam
481 3551 656 3614 »exitium«
688 3549 855 3631 antiquam
886 3547 1022 3613 formam
1052 3549 1150 3615 fuisse
1180 3553 1385 3624 concedimus,
1432 3571 1433 3584 ¹

254 3664 363 3726 tamen
384 3679 403 3721 a
424 3654 577 3721 Sallustio
600 3675 670 3716 eam
692 3654 880 3736 usurpatam
902 3673 969 3718 esse
990 3653 1079 3717 nullo
1103 3657 1189 3719 01110
1209 3651 1386 3721 testimonio
1432 3739 1433 3742 Ἴ

255 3763 359 3826 evinci
382 3761 498 3844 potest.

602 4081 605 4088 γ
728 3990 803 4079 Jug.
829 3993 879 4070 10,
905 3995 933 4058 l.

343 4171 478 4254 Micipsa
501 4169 674 4234 moriturus
690 4167 885 4253 iugurtham
909 4171 1059 4252 nepotem
1082 4172 1209 4235 monet:

342 4272 499 4338 »Parvom
523 4291 584 4356 ego
607 4271 789 4356 iugurtha,
823 4277 870 4350 tc,
902 4274 1017 4338 amisso
1042 4276 1132 4358 patre
1156 4275 1223 4338 sine
1247 4293 1302 4356 spe
1323 4269 1386 4334 sine
