2926 4978
786 249 827 312 54

233 419 406 484 desiderari
429 421 527 485 simili
550 419 689 503 quodam
713 417 862 504 Septimii
884 419 955 483 loco
979 419 1198 501 confirmatur,
1221 441 1284 503 quo
1312 420 1319 432 “

232 546 427 608 quamquam
451 525 489 590 de
513 524 644 589 Graecis
667 525 828 588 contraria
850 523 929 588 dicit
951 545 1175 608 eorumquae
1200 524 1374 590 Sallustius

232 626 346 693 Catoni
368 629 455 694 laudi
478 628 604 707 tribuit,
629 627 716 692 hunc
738 631 848 691 tamen
871 629 1047 712 respexisse
1070 629 1215 692 videtur:

403 732 498 797 1121
525 731 638 796 »credo
662 752 722 815 ego
745 752 810 809 vos,
835 730 969 815 Trojani
992 732 1166 817 principes,
1196 731 1275 794 satis
1297 750 1375 794 con-

404 839 530 921 pertum
560 835 693 912 habere,
723 833 806 898 nihil
828 837 949 898 temere
972 833 1121 916 Graecos,
1152 834 1237 900 nihil
1258 837 1374 899 incon-

404 940 524 1004 sultum
553 940 696 1022 incipere
725 937 841 1015 solere,
872 959 909 1002 ac
941 960 1066 1024 semper
1095 939 1146 1004 his
1165 940 1233 1024 jam
1261 941 1374 1003 tuma

403 1043 578 1127 majoribus
612 1041 774 1126 provisum
807 1043 904 1124 atque
939 1042 1158 1120 elaboratum,
1202 1043 1251 1106 uti
1288 1040 1374 1105 facta

405 1148 558 1230 gestaque
581 1165 691 1210 eorum
713 1145 784 1208 laus
806 1145 913 1229 potins
932 1165 1029 1228 quam
1044 1146 1139 1230 culpa
1153 1149 1373 1229 sequeretur«.

319 1247 389 1323 Qua
408 1249 591 1313 imitatione
603 1247 686 1328 nihil
698 1248 867 1325 contineri,
889 1269 953 1331 quo
964 1248 1051 1314 inter
1063 1248 1203 1326 »illam«,
1228 1248 1372 1324 »illum«,

235 1355 330 1418 ›illa‹
355 1354 566 1438 dijudicantes
588 1353 775 1430 innitamur,
798 1352 891 1416 valde
913 1335 1154 1418 dolendumesit.
1189 1351 1374 1416 Scribentes

232 1460 333 1544 igitur
356 1479 414 1522 »eo
436 1457 539 1543 magis
558 1456 648 1521 illam
666 1456 881 1540 sequebatur«
894 1457 1128 1540 ineptissimam
1139 1477 1200 1521 uos
1214 1458 1248 1522 et
1261 1461 1374 1520 contra

231 1584 268 1628 ea
281 1584 362 1648 quae
375 1562 583 1627 anteceduntr
608 1582 691 1644 »quo
703 1561 809 1625 minus
820 1559 953 1645 petebat
962 1560 1116 1643 gloriam«
1134 1563 1373 1645 repugnantem

232 1669 425 1732 sententiam
437 1665 581 1752 proferre
594 1686 688 1730 nemo
700 1686 765 1728 non
777 1663 875 1728 videt.
910 1663 1030 1728 Contra
1041 1665 1201 1748 scriptura
1212 1664 1372 1730 Dietschii

234 1772 329 1835 »ille«
354 1772 422 1835 sine
444 1770 511 1834 ulla
533 1769 679 1833 codicum
700 1767 763 1833 fide
786 1770 844 1847 est,
868 1767 1188 1852 quodqueJordanus
1203 1769 1372 1853 amplexus

232 1879 281 1940 cst
316 1875 447 1937 »illum«
471 1871 644 1956 Augustini
673 1871 860 1934 testimonio
892 1869 1077 1950 fulciretur,
1111 1871 1174 1935 nisi
1204 1872 1372 1956 scriptoris

230 1978 318 2048 illius
340 1976 548 2042 ecelesiastici
569 1975 669 2040 libros
681 1975 824 2040 criticam
835 1973 939 2038 adhuc
950 1974 1191 2059 philologorum
1204 1997 1372 2040 censuram

231 2084 399 2167 expectare
433 2082 604 2144 constaret.
661 2077 753 2142 Certe
786 2077 849 2141 hoc
882 2078 1011 2161 quidem
1043 2077 1115 2142 loeo
1148 2080 1371 2144 testimonium

232 2189 300 2272 ejus
323 2185 407 2250 nihil
430 2186 535 2250 valere
558 2205 596 2248 ex
619 2204 656 2247 eo
680 2185 824 2267 apparet,
846 2182 930 2265 quod
947 2204 973 2244 a
990 2181 1184 2246 Sallustiano
1201 2185 1372 2249 verborum

232 2291 342 2357 ordine
373 2289 523 2352 recedens
552 2306 729 2371 pronomen
763 2285 894 2349 »illum«
917 2284 1087 2350 falsissime
1110 2289 1185 2350 ante
1207 2310 1372 2374 compara·

231 2395 333 2458 tivum
359 2391 502 2477 »magis«
526 2389 643 2475 posuit.

320 2495 433 2579 Itaque
465 2515 535 2559 cum
566 2488 690 2557 codices
713 2491 845 2556 Sallusti
868 2494 957 2557 inter¹
975 2514 1008 2558 se
1031 2494 1225 2579 discrepent,
1258 2495 1372 2582 Augu·
1438 2515 1439 2560 r

233 2601 336 2663 atinus
366 2601 475 2662 autem
505 2597 602 2682 paulo
633 2596 851 2679 negligentius
881 2597 917 2660 in
941 2596 1094 2662 Sallustio
1118 2598 1278 2664 laudando
1302 2622 1372 2665 ver-

231 2705 319 2767 satus
349 2703 407 2782 sit,
439 2694 544 2765 nobis
562 2699 690 2783 quidem
723 2719 901 2783 pronomen
931 2700 1025 2764 illud·
1040 2722 1171 2785 prorsus
1201 2702 1371 2768 delendum

231 2807 366 2884 videtur,
393 2805 582 2891 praesertim
606 2823 679 2867 eum
702 2803 830 2866 sublato
852 2824 889 2867 eo
913 2803 997 2868 nihil
1019 2805 1225 2870 desideretur.

673 3064 741 3129 (lat.
763 3065 814 3141 55,
841 3065 933 3129 1-6.

320 3233 533 3317 »Postquam
576 3236 613 3296 ut
653 3232 735 3312 dixi,
777 3234 907 3296 senatus
940 3233 974 3296 in
1008 3232 1140 3298 Catonis
1177 3235 1371 3299 sententiam

230 3337 385 3420 discessit,
408 3336 531 3414 consul,
555 3340 725 3421 optumum
746 3335 836 3398 factu
858 3338 948 3399 ratus
971 3338 1099 3401 noctem
1122 3359 1204 3422 quae
1225 3339 1372 3403 instabat

231 3444 421 3526 antecapere
451 3462 491 3504 ne
523 3440 598 3524 quid
622 3462 659 3504 eo
682 3439 787 3522 spatio
811 3442 1000 3517 novaretur,
1030 3443 1096 3503 tres
1118 3441 1203 3506 viros
1225 3464 1307 3526 quae
1329 3443 1372 3505 ad

232 3548 425 3632 subplicium
448 3547 634 3631 postulabat
657 3567 770 3630 parare
790 3544 901 3627 jubet;
923 3545 993 3629 ipse
1016 3546 1184 3630 praesidiis
1206 3547 1372 3632 dispositis

229 3651 402 3716 Lentulum
425 3652 459 3715 in
476 3663 634 3715 carcerem
656 3648 792 3725 deducit,
816 3647 900 3712 idern
923 3648 961 3711 fit
984 3649 1098 3713 ceteris
1121 3670 1179 3734 per
1197 3655 1372 3735 praetores.

230 3756 290 3820 Est
311 3756 347 3818 in
368 3776 495 3819 carcere
518 3753 618 3834 locus,
641 3753 725 3838 quod
752 3751 938 3816 Tullianum
961 3753 1152 3837 appellatur.
1190 3792 1228 3802 -
1265 3753 1299 3840 5)
1330 3755 1372 3820 In

232 3880 305 3924 eum
329 3859 436 3922 locum
458 3860 629 3944 postquam
652 3857 808 3923 demissus
830 3858 879 3922 eat
901 3855 1067 3938 Lentulus,
1100 3858 1242 3923 vindices
1263 3880 1372 3924 rerum

231 3962 420 4049 capitalium
454 3962 573 4046 quibus
607 3963 813 4047 praeceptum
847 3963 916 4025 erat
946 3961 1062 4046 laqueo
1095 3962 1204 4048 gulam
1236 3963 1372 4049 fregere.

231 4066 283 4130 Ita
304 4065 359 4130 ille
382 4064 538 4149 patricius
560 4087 599 4130 ex
621 4068 715 4149 gente
738 4064 926 4130 clarissuma
948 4062 1185 4144 Corneliorum,
1217 4069 1274 4153 qui
1297 4090 1375 4134 con·

230 4170 335 4236 aulare
358 4169 517 4254 inperium
543 4169 663 4234 Romae
693 4169 868 4252 habuerat,
897 4169 1031 4254 dignum
1053 4171 1196 4238 moribus
1218 4171 1375 4257 factisque

228 4274 297 4339 suis
321 4273 456 4338 exitium
479 4273 562 4336 vitae
585 4273 741 4338 invenit<

319 4375 428 4442 Verba
453 4375 614 4443 »vindices
636 4398 741 4442 rernm
766 4376 973 4461 capitalium«
994 4377 1027 4440 iu
1042 4377 1134 4444 libris
1147 4379 1376 4463 manuscriptis
