2926 4978
777 339 798 406 6

214 517 271 602 qui
300 538 366 583 uon
397 515 490 582 modo
519 537 626 581 rerum
648 513 868 580 Romanarum
897 513 1158 580 florentissimum
1191 516 1356 594 auctorem

214 622 312 687 fuisse
334 621 520 687 Sallustium
550 621 715 706 praedicat
736 619 790 705 (A.
814 619 879 698 III,
906 617 960 706 30)
991 620 1024 683 et
1052 640 1229 684 sermonem
1258 639 1353 682 sunm

217 728 256 792 ad
269 727 469 810 dicendique
485 726 540 790 ille
562 747 636 789 usus
648 725 752 789 fuerat
765 745 866 810 genus
881 723 1101 789 accommodat
1113 723 1171 788 cfr.
1185 721 1355 786 Woelfflin

216 832 251 896 in
275 830 391 895 Philol.
414 831 476 895 vol.
500 830 618 908 XXVI,
641 853 672 915 p.
696 830 757 893 122
780 832 861 906 cet.;
885 828 939 893 sed
962 829 1069 906 etiam,
1092 849 1156 912 quo
1179 825 1356 891 studiosius

218 957 290 1002 eum
324 936 489 1020 amplexus
522 938 587 1015 est,
621 957 658 1000 eo
692 935 812 1018 majore
842 934 909 1019 ipse
945 932 1081 996 eminuit
1114 934 1192 998 ate.
1244 929 1355 1015 Atque

216 1060 411 1125 quamquam
441 1040 638 1130 Frontonem
675 1061 818 1123 quoque,
851 1037 890 1102 A.
921 1035 1075 1114 Gellium,
1110 1035 1146 1100 L.
1169 1034 1355 1121 Apulejum,

217 1143 455 1228 Hegesippum,
496 1143 752 1228 Exuperantium
785 1141 855 1228 (cfr.
887 1140 1037 1206 Bursiani
1077 1139 1177 1205 libell.
1213 1140 1354 1205 academ.
1460 1225 1461 1234 ἵ

217 1249 326 1313 Turici
351 1247 449 1334 1868)
479 1270 581 1332 genus
609 1247 735 1312 dicendi
759 1246 989 1312 Sallustianum
1011 1247 1143 1311 minime
1175 1246 1356 1331 despexisse
1460 1293 1461 1334 3

217 1354 385 1440 permultis
406 1353 568 1417 illustrare
592 1373 759 1437 possumus
774 1353 937 1437 exemplis,
960 1355 1069 1415 tamen
1085 1354 1218 1436 propter
1234 1353 1357 1416 studio·
1460 1345 1461 1396 ἶ

216 1482 289 1524 rum
312 1463 496 1524 nostrorum
518 1459 677 1523 rationem
701 1479 766 1521 non
788 1458 996 1541 respiciemus
1018 1457 1081 1520 uisi
1096 1456 1232 1521 Lucium
1248 1456 1357 1542 Septi-

217 1566 332 1642 mium,
367 1565 423 1649 qui
452 1585 600 1648 graecam
629 1584 662 1627 se
684 1562 811 1646 Dictyis
842 1561 1002 1626 Cretensis
1035 1561 1246 1645 ephemerida
1277 1561 1357 1626 belli

216 1669 352 1753 Trojani
381 1669 416 1732 in
445 1668 588 1750 linguam
614 1667 750 1731 latinam
772 1666 972 1729 transtulisse
994 1665 1073 1730 dicit
1094 1665 1128 1729 in
1152 1664 1290 1749 epistola
1312 1664 1357 1728 ad

216 1773 371 1848 Quintum
382 1774 542 1858 quendam
558 1772 725 1852 Aradium,
749 1770 885 1854 prologo
903 1771 1031 1854 totique
1053 1791 1159 1834 rerum
1175 1771 1357 1835 narrationi

216 1879 368 1964 praefixa.
412 1877 516 1952 Quam
536 1875 706 1961 epistolam
728 1896 794 1938 non
818 1874 959 1957 ejusdem
981 1874 1147 1958 scriptoris
1167 1895 1235 1938 csse
1257 1876 1355 1959 atque
1460 1913 1461 1942 1

216 1982 386 2068 prologum
403 1981 477 2046 inde
501 1982 613 2059 elucet,
638 1979 724 2064 quod
741 1979 775 2043 in
790 1979 937 2063 partibus
952 1978 1144 2062 quibusdam
1159 1980 1357 2044 narrationis
1460 2019 1461 2026 κ

216 2089 353 2152 alterum
387 2087 587 2173 prooemium
618 2087 659 2149 ab
682 2085 784 2158 altero
807 2085 946 2161 recedit;
977 2085 1032 2149 sed
1054 2087 1163 2148 utrum
1186 2082 1355 2170 epistolam
1460 2105 1461 2118 ¹

145 2267 160 2295 ,
216 2192 305 2277 prius
327 2192 410 2258 idem
433 2214 545 2257 verum
567 2190 788 2276 ephemeridos
810 2189 1010 2274 prooemium
1032 2189 1205 2254 habeamus
1223 2211 1266 2253 an
1281 2211 1357 2275 pro-
1460 2193 1461 2262 l

216 2298 341 2384 logum,
372 2298 520 2384 equidem
542 2297 716 2381 dijudicare
738 2317 804 2360 non
825 2295 936 2358 ausim.
981 2293 1019 2358 In
1042 2295 1214 2378 prooemiis
1236 2298 1355 2376 autem,
1460 2299 1461 2366 ἒ

218 2425 412 2487 quamquam
434 2402 591 2466 nonnulla
612 2402 699 2466 varie
722 2402 906 2478 narrantur,
930 2401 1143 2483 congruenter
1156 2403 1266 2465 tamen
1288 2403 1356 2464 tra·

217 2507 305 2573 ditur
349 2507 450 2572 Dictn
492 2506 673 2572 Cretensem
715 2506 836 2569 bellum
870 2503 1062 2588 Trojanuru,
1103 2505 1156 2567 cui
1191 2504 1355 2570 Idomenei

217 2633 323 2676 comes
341 2611 535 2691 interfuerit,
557 2612 659 2676 literis
673 2611 803 2676 Punicis
825 2608 1028 2693 descripsisse
1051 2607 1182 2693 ejusque
1205 2631 1295 2694 opus,
1319 2611 1354 2674 in

216 2715 363 2799 sepulcro
386 2715 570 2798 inventum,
600 2716 756 2799 jussuque
779 2713 921 2779 Caesaris
942 2713 976 2777 in
999 2734 1150 2797 graecum
1174 2736 1354 2779 sermonem

215 2842 402 2886 conversum
425 2843 503 2884 esse.
547 2819 593 2884 Ut
614 2842 688 2884 vero
711 2820 905 2903 intempore
922 2821 1023 2883 artem
1036 2820 1198 2884 nesciendi
1209 2839 1356 2885 exercere

216 2924 328 2988 utilius
358 2927 424 3006 est,
464 2946 559 3009 quam
597 2927 784 3007 arroganter
816 2925 939 2988 incerta
979 2923 1124 3007 proferre
1163 2924 1355 3008 prolataque

215 3027 399 3109 defendere,
429 3030 476 3092 ita
506 3051 563 3093 nos
592 3050 720 3113 quoque
743 3028 858 3111 Dictys
890 3028 946 3092 ille
975 3028 1046 3110 quis
1077 3026 1174 3092 fuerit
1202 3028 1354 3112 ignorare

215 3133 355 3197 libenter
394 3133 543 3198 fatemur.
600 3133 683 3208 Quid
723 3133 808 3216 quod
843 3133 1013 3215 Dungerus
1057 3131 1120 3210 (die
1157 3131 1240 3216 Saga
1280 3154 1353 3197 vom

215 3237 472 3323 Trojan-Kriege
493 3239 528 3302 in
550 3239 612 3304 den
627 3238 888 3323 Bearbeitungen
909 3236 1181 3304 desMitthalters
1202 3239 1268 3302 und
1283 3238 1354 3304 ihre
1458 3299 1460 3332 ,

215 3343 349 3406 antiton
375 3340 526 3419 Quellen,
559 3365 590 3426 p.
615 3343 668 3423 18)
701 3341 922 3426 ephemerida,
956 3341 1109 3426 quoniam
1133 3342 1223 3407 nulla
1246 3344 1355 3428 graeci

216 3446 354 3531 exempli
377 3449 505 3512 exstant
526 3447 675 3531 vestigia,
707 3467 823 3531 graeca
845 3446 955 3529 lingua
976 3468 1118 3530 unquam
1141 3449 1355 3534 conscriptam

216 3549 313 3614 fuisse
346 3572 477 3637 prorsus
510 3554 625 3634 negat,
658 3553 754 3635 idque
789 3572 827 3615 ea
860 3551 1061 3634 potissimum
1092 3551 1131 3617 de
1154 3574 1249 3618 causa
1270 3559 1357 3620 recte
1459 3603 1460 3610 κ

216 3656 365 3721 statuisse
388 3656 529 3736 videtur,
563 3657 650 3740 quod
678 3655 857 3720 sententiae
882 3655 1030 3739 dictaque
1054 3655 1249 3722 Sallustiana
1271 3658 1355 3724 haud

215 3785 289 3828 raro
312 3766 518 3850 repetuntur,
550 3787 631 3849 quae
655 3764 823 3850 Septimio,
853 3765 881 3829 si
903 3785 1053 3849 graecam
1075 3767 1235 3848 quandam
1258 3768 1357 3852 ephe·
1450 3818 1452 3836 ,

215 3869 337 3934 merida
359 3869 393 3933 in
416 3868 558 3951 liugnam
580 3870 716 3934 latinam
737 3867 912 3934 transferre
934 3869 1104 3951 debuisset,
1127 3874 1164 3935 nt
1178 3874 1356 3939 narrationi
1447 3913 1459 3957 ,¹

216 3993 291 4038 suae
318 3973 489 4051 insereret,
522 3994 683 4058 nusquam
713 3973 907 4057 contigisset.
953 3973 1016 4040 Sed
1039 3996 1168 4060 quoquo
1191 3977 1285 4043 modo
1306 4001 1357 4046 res
1448 3986 1450 3997 '

216 4077 378 4156 sehabet,
400 4078 433 4142 id
454 4099 586 4164 prorsus
608 4081 731 4144 certum
754 4099 821 4143 esse
844 4078 981 4157 videtur,
1010 4078 1104 4144 illum
1127 4082 1183 4164 qui
1205 4080 1357 4150 historiae

216 4186 304 4250 illius
332 4187 445 4250 auctor
475 4189 540 4264 est,
567 4188 634 4252 sive
656 4187 885 4273 grammaticus
914 4188 980 4252 sire
1003 4187 1141 4272 quilibet
1163 4189 1260 4268 alius,
1293 4213 1356 4276 quo

215 4290 319 4374 magis
350 4289 447 4355 fidem
476 4289 612 4371 laceret,
642 4291 750 4357 dedita
772 4313 869 4376 opera
898 4292 1048 4356 tenebras
1081 4291 1145 4356 sibi
1178 4293 1357 4362 obduxisse.
1448 4346 1452 4365 .

214 4391 291 4460 Jam
318 4393 357 4459 de
388 4395 555 4480 scriptoris
586 4396 673 4480 ejus,
707 4396 762 4480 qui
795 4417 913 4460 nomen
947 4397 1009 4462 sibi
1044 4395 1169 4461 addidit
1198 4397 1357 4486 Septimii,
1446 4396 1449 4405 '

213 4500 319 4565 aetate
339 4500 463 4565 comum
485 4499 641 4585 judicium
663 4501 838 4587 prolaturis
860 4500 941 4566 duae
963 4501 1179 4588 respiciendae
1198 4503 1347 4570 ridentur
1443 4478 1459 4598 ¹,
